2510 3040
422 681 517 716 Conf.
550 677 589 710 de
615 678 676 709 hac
697 677 910 712 controverſia
933 677 1146 709 literatiſſimns
1176 678 1264 709 ICtus
1287 685 1316 709 B.
1353 684 1555 708 EVERHARDVS
1578 683 1661 707 OTTO

368 730 403 760 in
426 726 637 759 Commentario
657 725 697 755 ad
708 726 922 767 Inſtitutiones,
947 721 986 756 ad
1006 726 1105 767 princ.
1130 727 1189 758 Tit.
1208 723 1241 755 de
1260 724 1420 766 teſtament.
1437 735 1513 756 num
1532 732 1584 764 (5)

335 819 388 862 (b)
411 821 472 863 Qui
497 819 674 853 teſtamenta
691 818 751 849 iuri
775 823 900 851 naturae
917 817 1072 850 adverſari
1094 815 1310 857 contendunt,
1337 815 1452 848 duabus
1472 815 1661 857 rotiſſimum

377 873 549 906 rationibus
572 878 707 905 utuntur.

412 954 511 986 Prima
533 954 608 986 haec
629 951 692 990 eſt,
711 954 744 982 ut
767 960 806 981 ex
831 961 893 990 eo,
915 952 1001 991 quod
1015 951 1227 983 teſtamentum
1240 950 1310 992 poſt
1324 955 1456 982 mortem
1472 949 1598 983 demum
1615 957 1646 983 te

366 1009 493 1047 ſtatoris
507 1003 609 1034 valere
629 999 752 1038 debeat,
767 997 912 1039 inferant,
926 999 1018 1041 ipſum
1032 999 1207 1031 teſtatorem
1221 1008 1283 1029 non
1302 998 1417 1037 vivum,
1439 997 1491 1029 ſed
1504 1000 1561 1029 iam
1576 1009 1659 1029 mor-

370 1065 489 1090 tuum,
514 1056 552 1085 de
573 1051 662 1083 bonis
683 1051 740 1082 ſuis
764 1048 940 1091 diſponere,
953 1060 1016 1090 quo
1037 1051 1111 1081 nihil
1135 1049 1402 1081 inconvenientius
1424 1050 1556 1090 cogitari
1576 1051 1658 1090 poſſe

372 1109 515 1153 clamant.
556 1106 608 1139 Aſt
630 1104 738 1136 fallunt
758 1109 791 1136 et
811 1101 986 1142 falluntur,
1016 1102 1069 1143 qui
1099 1103 1161 1134 hoc
1193 1101 1357 1136 ratiocinio
1389 1101 1559 1134 ſententiae
1595 1102 1662 1135 ſuae

371 1159 506 1196 ſpeciem
525 1158 653 1197 aliquam
675 1153 841 1185 conciliare
866 1158 994 1194 putant,
1018 1152 1116 1193 ipſum
1142 1162 1253 1194 nempe
1277 1152 1374 1184 actum
1401 1152 1566 1186 teſtandi,
1586 1165 1599 1183 a
1616 1154 1662 1184 vi-

372 1220 416 1236 vo
440 1222 585 1247 teſtatore
605 1202 815 1242 celebratum,
837 1210 872 1235 et
893 1201 1041 1235 effectum
1064 1201 1258 1242 teſtamenti,
1295 1204 1365 1243 poſt
1388 1204 1508 1232 obitum
1539 1203 1663 1234 demum

368 1264 521 1289 teſtatoris
542 1259 740 1293 ſecuturum,
763 1259 869 1293 aperte
895 1250 1136 1288 confundentes.

405 1346 515 1375 Altera
544 1341 622 1373 ratio
647 1340 718 1374 inde
734 1339 835 1383 petita
852 1339 928 1380 eſt,
957 1338 1044 1382 quod
1064 1339 1235 1373 dominium
1280 1340 1318 1372 ad
1356 1339 1422 1372 dies
1445 1340 1550 1372 ſaltem
1581 1342 1662 1371 vitae

368 1392 540 1433 poſſeſſoris
573 1390 687 1427 duret,
736 1394 845 1420 morte
871 1395 971 1421 autem
1006 1389 1089 1420 illius
1124 1389 1247 1430 penitus
1290 1390 1451 1429 exſpiret,
1487 1397 1519 1418 et
1562 1391 1664 1419 omnia

360 1438 506 1480 defuncti
532 1440 612 1473 bona
638 1448 687 1478 res
711 1438 829 1478 nullius
845 1435 1008 1476 evadant,
1044 1436 1188 1478 adeoque
1218 1440 1320 1478 primo
1352 1441 1519 1477 occupanti
1541 1441 1667 1469 cedant.

364 1497 435 1521 Hoc
456 1491 552 1528 ipſum
570 1493 669 1517 autem
688 1482 767 1526 eſt,
791 1485 877 1527 quod
896 1485 1160 1519 manifeſtiſſimam
1180 1492 1347 1526 principii,
1370 1499 1402 1515 ut
1415 1494 1516 1521 aiunt,
1537 1494 1667 1524 petitio-

365 1557 436 1577 nem
457 1542 614 1584 involvit,
650 1547 681 1577 et
700 1539 763 1574 ſine
783 1535 919 1574 maximo
938 1542 1062 1586 generis
1089 1532 1210 1574 humani
1239 1544 1444 1575 incommodo
1475 1546 1559 1574 aſſeri
1589 1556 1666 1574 nun-

370 1618 461 1652 quam
485 1609 614 1651 poterit.

411 1693 538 1728 Rectius
559 1692 660 1734 itaque
675 1690 927 1725 teſtamentorum
947 1700 1015 1723 cum
1038 1691 1106 1725 iure
1128 1696 1256 1723 naturae
1279 1689 1478 1722 conſonantia
1503 1700 1544 1721 ex
1559 1689 1669 1722 indole

362 1741 581 1783 diſpoſitionis
595 1741 831 1773 conditionatae
850 1739 1033 1773 adſtruitur:
1053 1740 1277 1773 teſtamentaria
1297 1742 1380 1770 enim
1414 1741 1576 1782 diſpoſitio
1606 1750 1671 1770 tum

365 1790 499 1821 demum
521 1790 605 1824 vires
631 1788 695 1820 ſuas
708 1787 851 1828 accipit,
871 1788 895 1820 ſi
913 1788 1046 1820 teſtator
1070 1790 1264 1837 voluntatem
1284 1791 1365 1835 ſuam
1392 1802 1455 1834 non
1483 1791 1671 1832 mutaverit,

363 1836 391 1866 ſi
408 1844 492 1865 mors
514 1835 654 1866 eiusdem
674 1835 778 1865 ſecuta
799 1836 921 1869 fuerit,
953 1841 988 1864 et
1007 1836 1026 1864 ſi
1049 1836 1174 1870 heres,
1204 1840 1259 1863 vel
1282 1841 1358 1862 alius
1384 1840 1586 1871 quicunque,
1619 1836 1668 1862 cui

365 1883 498 1917 teſtator
516 1882 636 1923 aliquid
657 1883 815 1921 reliquit,
836 1884 914 1913 hanc
931 1884 1097 1914 liberalem
1119 1888 1315 1913 voluntatem
1340 1880 1563 1919 acceptaverit.

406 1977 508 2018 Quam
529 1972 709 2006 ſententiam
726 1973 848 2013 optime
870 1978 903 2004 et
928 1972 1153 2011 elegantiſſime
1176 1972 1354 2012 expoſuit,
1386 1971 1515 2013 eiusque
1551 1974 1667 2005 verita-

364 2033 433 2053 tem
460 2019 551 2051 variis
587 2017 704 2049 caſuum
733 2016 839 2059 figuris
872 2016 954 2058 quaſi
988 2017 1175 2057 palpabilem
1206 2016 1347 2049 reddidit
1374 2026 1410 2051 B.
1438 2026 1506 2049 IOH.
1540 2029 1664 2050 CHRIST.

364 2081 560 2103 CLAPROTH,
597 2067 676 2097 inter
712 2058 829 2108 primos
868 2064 994 2098 Illuſtris
1025 2065 1190 2103 Georgio-
1211 2066 1366 2106 Auguſtae
1391 2070 1662 2114 Goettingenſium

367 2128 553 2170 Academiae
574 2117 765 2152 Profeſſores
801 2116 986 2150 eruditionis
1015 2116 1194 2158 praeſtantia
1225 2139 1289 2159 non
1316 2133 1518 2170 poſtremus,
1554 2129 1585 2171 in
1608 2130 1664 2174 der

367 2178 535 2217 Sammlung
559 2171 1000 2221 iuriſtiſch - philoſophiſch-
1021 2172 1081 2205 und
1110 2174 1263 2216 critiſcher
1288 2186 1528 2219 Abhandlungen
1562 2184 1664 2216 Erſten

366 2229 481 2265 Stück,
504 2227 652 2258 zehenden
677 2221 902 2267 Abhandlung:
931 2224 977 2257 Ob
1001 2222 1048 2256 die
1073 2224 1249 2267 Teſtamente
1272 2235 1350 2263 nach
1376 2226 1438 2268 dem
1474 2244 1584 2280 Rechte
1607 2239 1655 2287 der

363 2289 459 2327 Natur
480 2280 558 2327 ſtatt
580 2280 715 2313 haben?
753 2280 848 2314 Cuius
873 2278 1034 2312 introitum
1059 2277 1187 2322 dignum
1217 2278 1354 2317 iudico,
1400 2286 1450 2319 qui
1487 2286 1663 2337 Lectoribus

366 2328 642 2367 communicetur:
682 2330 773 2363 Ganz
801 2327 926 2373 Europa
949 2326 1066 2359 machet
1097 2328 1218 2361 anietzo
1248 2329 1455 2372 Teſtamente,
1497 2341 1558 2390 und
1577 2363 1616 2387 es
1616 2361 1664 2382 iſt

369 2380 604 2429 zvveifelhaft,
629 2381 663 2416 ob
685 2383 794 2428 jemals
820 2386 882 2418 eine
903 2383 971 2416 Zeit
987 2383 1132 2426 gevveſen
1141 2383 1227 2425 ſey,
1263 2388 1303 2430 da
1335 2397 1400 2428 man
1428 2401 1455 2432 es
1475 2394 1529 2442 für
1554 2407 1664 2443 verbo-

365 2442 437 2473 then
454 2437 592 2484 gehalten
612 2434 677 2474 hat.
719 2435 772 2470 Ich
799 2434 906 2481 läugne
925 2434 1042 2476 nicht,
1063 2433 1129 2479 daſs
1141 2434 1246 2480 ſolche
1264 2442 1411 2482 Umſtände
1439 2459 1469 2494 in
1502 2451 1580 2494 einer
1603 2454 1661 2497 Na-
