1689 2323
164 281 269 333 poſita
278 283 367 326 ſunt,
375 288 485 320 omnia
495 297 664 320 momenta
675 286 935 320 obſeruabimus:
960 297 1070 331 neque

165 336 267 370 vllum
283 336 561 382 prætermittemus
578 336 623 367 tui
643 337 797 374 iuuandi,
818 339 851 370 &
872 338 1001 370 leuandi
1018 344 1070 370 lo-

164 405 255 428 cum.
310 395 424 440 Itaque
442 393 522 428 illud
532 393 686 429 alterum,
701 394 792 441 quod
804 394 886 437 dixi,
882 394 1072 436 litterarum

167 455 269 490 genus
288 446 434 492 quotidie
451 446 556 487 mihi,
573 456 608 479 vt
622 445 734 493 ſpero,
766 445 822 481 fiet
838 444 1014 493 procliuius
1037 458 1070 480 vt

164 498 263 530 etiam
272 495 418 543 polliceri
434 491 573 546 posſim:
599 496 633 529 id
650 508 683 531 re
700 509 799 544 quam
824 497 928 532 verbis
952 497 1069 532 faciam

166 548 332 584 libentius.
382 549 433 583 Tu
449 548 546 582 velim
564 547 742 589 exiſtimes,
762 550 794 582 &
813 549 918 596 plures
941 559 973 582 te
994 549 1072 582 ami-

168 611 224 632 cos
241 598 381 639 habere,
402 609 501 643 quam
517 600 573 644 qui
589 609 623 634 in
639 599 698 633 iſto
717 599 788 635 caſu
802 600 862 634 ſint
878 613 915 633 ac
937 599 1068 640 fuerint,

166 660 327 696 quantum
344 650 477 697 quidem
487 661 549 696 ego
558 649 734 698 intelligere
750 662 939 699 potuerim:
967 653 1001 686 &
1015 665 1070 687 me

168 699 351 734 concedere
372 711 489 733 eorum
506 701 641 735 nemini.
692 703 822 735 Fortem
846 700 896 733 fac
922 712 1070 735 animum

156 754 290 799 habeas
309 749 328 800 &
350 756 514 799 magnum:
540 753 630 800 quod
647 753 687 788 eſt
705 751 737 800 in
755 761 807 789 vno
817 764 857 788 te.
913 766 984 800 quæ
997 753 1069 789 ſunt

155 805 202 839 in
211 804 362 845 fortuna,
385 802 588 851 temporibus
609 812 778 851 regentur,
802 806 837 840 &
853 806 991 840 conſilis
1005 818 1068 839 no-

165 858 232 894 ſtris
249 858 520 906 prouidebuntur.
580 861 671 897 Vale.

1099 404 1114 438 5

1101 554 1121 588 6

165 920 344 950 tunitatibus.
386 925 420 952 In
434 921 589 960 ſequiorem
610 931 716 959 partem
729 922 881 960 Philippica
895 932 912 948 v
929 932 990 960 cap.
1008 925 1067 951 Mi-

167 963 249 991 nimis
261 964 404 998 momentis
414 963 543 992 maximæ
550 961 739 992 inclinationes
750 970 901 1001 temporum
901 962 988 1001 fiunt.

460 1060 555 1088 XII.
591 1052 661 1094 [al.
685 1066 736 1090 xi.]

230 1107 285 1140 M.
327 1107 530 1147 CICERO
560 1108 846 1142 TREBIANO
888 1111 920 1143 S.
960 1110 1006 1143 D.

168 1146 337 1178 Gratulatur
349 1145 382 1178 de
388 1146 568 1188 reſtitutione,
583 1156 667 1185 quam
674 1148 818 1177 Dolabellæ
828 1147 949 1188 beneficio
957 1146 1006 1187 ipſi
1015 1148 1068 1175 im-

263 1182 448 1225 petrauerat:
463 1181 669 1226 hortaturque,
690 1187 719 1214 vt
730 1186 803 1224 æquo
817 1188 910 1214 animo
929 1188 1068 1215 iacturam

248 1234 433 1267 fortunarum
451 1221 543 1269 ferat,
559 1221 623 1269 quia
635 1230 699 1270 plus
705 1227 896 1267 adquiſiuerit,
904 1237 989 1267 quam
995 1230 1068 1256 ami-

255 1276 344 1316 ſerat.

164 1317 245 1416 D

245 1323 439 1362 Olabellam
466 1332 564 1358 antea
600 1324 836 1359 tantummodo
874 1323 1067 1372 diligebam:

245 1364 410 1417 obligatus
430 1382 461 1414 ei
484 1371 562 1414 nihil
576 1384 683 1417 eram,
700 1393 764 1413 nec
789 1388 869 1414 enim
908 1386 1070 1415 acciderat

165 1429 248 1465 mihi
263 1442 346 1478 opus
355 1429 435 1466 eſſe:
460 1433 475 1466 &
498 1430 551 1465 ille
560 1431 638 1465 mihi
647 1430 807 1471 debebat,
820 1429 910 1477 quod
920 1442 990 1464 non
1013 1429 1071 1465 de-

164 1481 292 1518 fueram
309 1481 374 1513 eius
390 1479 554 1527 periculis:
583 1492 674 1516 nunc
690 1490 786 1515 tanto
807 1480 876 1515 ſum
898 1481 1068 1516 deuinctus

167 1534 234 1567 eius
242 1529 426 1572 beneficio,
436 1531 528 1579 quod
539 1532 572 1566 &
580 1542 676 1567 antea
684 1534 719 1566 in
729 1545 782 1576 re,
793 1534 827 1567 &
834 1533 901 1566 hoc
918 1543 1066 1579 tempore

165 1586 202 1618 in
210 1583 308 1619 ſalute
324 1593 380 1617 tua
388 1582 637 1619 cumulatisſime
651 1585 732 1620 mihi
745 1584 902 1626 ſatisfecit,
912 1595 946 1619 vt
961 1586 1065 1618 nemi-

164 1639 199 1672 ni
215 1636 286 1686 plus
302 1637 462 1672 debeam..
516 1637 594 1685 Qua
609 1638 643 1671 in
657 1650 690 1673 re
712 1637 771 1672 tibi
787 1639 931 1686 gratulor
945 1639 1004 1674 tibi
1019 1642 1064 1674 ita

165 1680 395 1726 vehementer,
413 1693 448 1719 vt
473 1694 505 1718 te
528 1695 663 1731 quoque
679 1684 761 1718 mihi
776 1684 943 1732 gratulari,
966 1695 1066 1731 quam

163 1738 279 1783 gratias
303 1746 398 1783 agere
416 1736 540 1774 malim.
593 1738 733 1773 alterum
752 1751 823 1773 non
846 1741 985 1773 omnino
1009 1740 1066 1774 de-

1082 1649 1099 1672 2

985 1794 1066 1829 ſide-

204 1850 289 1889 Epiſt.
305 1859 368 1877 xII.
387 1858 406 1879 1.
423 1847 498 1887 quod
515 1859 572 1879 non
585 1848 726 1891 defueram
745 1852 799 1879 eius
818 1849 972 1892 periculis]
992 1852 1065 1881 Vide

165 1891 233 1924 Lib.1
243 1903 283 1925 11.
299 1892 376 1934 epiſt.
390 1902 418 1922 x.
426 1893 488 1923 ſect.
