2010 2901
609 404 922 436 NVTRIENTIA.

1186 391 1261 439 105

257 493 338 517 cum
359 476 486 529 ſapidis,
511 478 550 515 ab
567 474 681 515 indole
700 471 882 509 fluidorum
904 481 936 505 et
952 465 1135 507 ſolidorum
1156 465 1263 500 diuer-

262 542 300 579 ſis
315 538 423 589 plane,
446 536 610 591 particulis
624 534 693 588 plus
710 529 819 570 minus
834 532 922 569 arcte
943 533 1131 566 cohaerent.

676 627 707 675 §.
763 634 890 670 151.

342 693 433 732 Plura
468 692 588 729 dantur
608 697 769 737 corpora,
799 695 882 732 quae
908 680 1125 731 gelatinoſam
1156 685 1273 729 fouent

266 749 487 796 ſubſtantiam,
510 763 658 797 quaeque
684 749 764 780 ideo
786 748 912 778 nutrire
936 752 1110 788 poterunt,
1131 742 1188 771 niſi
1209 740 1276 784 ipſa

268 831 383 860 natura
398 820 545 859 animalis
559 815 682 863 obſtet,
701 823 756 851 aut
774 810 953 864 particulae
979 820 1047 844 non
1064 803 1276 858 gelatinoſae,

268 878 366 918 ſimul
385 880 561 921 admixtae,
584 874 825 923 appoſitionem
841 870 1032 918 impediant.
1083 866 1176 901 Licet
1189 867 1277 901 enim

269 950 380 985 omnis
399 945 541 997 gelatina
561 941 848 993 conglutinantem
864 940 931 974 vim
945 935 1076 980 habeat,
1091 931 1153 969 alia
1166 938 1277 966 tamen

271 1011 362 1046 citius
372 1008 433 1045 alia
449 1006 573 1043 tardius
581 1003 631 1039 vel
650 1011 822 1051 nunquam
836 999 964 1035 hancce
980 994 1175 1032 facultatem
1184 994 1278 1041 amit-

271 1065 319 1108 tit,
344 1073 445 1106 prout
455 1049 580 1093 diuerſa
607 1063 725 1100 virium
747 1061 971 1099 digerentium
985 1068 1097 1082 natura
1118 1054 1150 1079 ſe
1172 1055 1282 1081 habet.

268 1123 381 1178 Quare
402 1115 466 1156 alia
487 1119 630 1168 gelatina
640 1121 781 1170 animal
794 1117 965 1163 quoddam
986 1121 1105 1161 nutrit,
1128 1116 1219 1154 quod
1239 1115 1280 1142 ab

271 1185 346 1232 alia,
372 1182 460 1222 aliud
477 1182 602 1231 animal
622 1182 810 1223 nutriente,
828 1182 1075 1212 nutrimentum
1094 1188 1164 1205 non
1196 1182 1282 1203 acci-

272 1250 329 1299 pit.
378 1246 493 1284 Immo
507 1242 627 1282 eadem
640 1234 735 1293 ſaepe
754 1238 924 1290 gelatina,
946 1249 1030 1284 quae
1043 1235 1169 1269 animal
1185 1242 1220 1268 in
1236 1233 1284 1267 ſa-

275 1329 322 1355 no
342 1313 423 1353 ſtatu
437 1313 554 1354 nutrit,
572 1305 705 1356 ſanitate
730 1303 926 1356 labefactata
950 1300 999 1339 vel
1020 1309 1076 1338 non
1101 1301 1213 1344 nutrit,
1231 1297 1285 1336 vel

277 1377 375 1419 etiam
411 1371 495 1410 adeo
519 1363 633 1408 nocet.
695 1368 865 1405 Praeterea
888 1377 1022 1414 quoque
1048 1361 1114 1409 ipſa
1131 1360 1287 1409 gelatina-

277 1453 353 1478 rum
370 1441 492 1494 mixtio
512 1435 645 1485 differt,
663 1445 699 1473 et
720 1430 824 1479 aliae,
848 1429 933 1469 dum
960 1433 1172 1465 tenacitatem
1194 1429 1290 1459 amit-

245 1513 372 1550 tunt,
398 1507 436 1542 in
449 1499 702 1544 alcaleſcentem
720 1496 961 1544 ſubſtantiam,
973 1494 1057 1530 aliae
1080 1497 1116 1529 in
1139 1485 1290 1528 aceſcen-

280 1564 350 1601 tem
369 1567 663 1611 commutantur.
681 1559 735 1604 Ad
757 1559 852 1602 hanc
867 1557 1030 1590 inclinant
1051 1555 1237 1599 gelatinae
1237 1565 1295 1598 ve-

281 1615 484 1671 getabilium,
499 1620 540 1657 ad
554 1619 649 1667 illam
664 1632 745 1652 vero
757 1618 954 1666 animalium
969 1618 1131 1658 gelatinae
1146 1622 1292 1654 vergunt.

688 1702 725 1763 §.
771 1715 863 1751 152.

352 1778 445 1815 Inter
455 1767 660 1825 vegetabilia,
675 1780 760 1818 quae
775 1771 979 1804 nutrientem
999 1773 1065 1799 vim
1081 1769 1295 1811 praecipuam

287 1846 429 1890 habent,
453 1837 575 1880 ſemina
597 1835 734 1876 cerealia
770 1835 807 1883 1)
830 1834 951 1874 Secale;
989 1839 1030 1876 2)
1047 1831 1233 1868 Triticum;
1259 1826 1298 1873 3)

287 1912 475 1955 Hordeum;
512 1908 553 1957 4)
579 1904 716 1948 Auena;
764 1902 802 1950 5)
827 1900 1055 1951 Fagopyrum;
1094 1898 1133 1943 6)
1161 1894 1298 1944 Oryza;

290 1978 363 2007 tum
387 1973 487 2006 etiam
511 1964 680 2017 legumina
695 1956 755 2014 7)
777 1961 881 2009 Piſa;
913 1960 950 2007 8)
965 1957 1095 1998 Lentes;
1123 1957 1167 2004 9)
1182 1954 1303 1998 Milia;

296 2033 363 2080 10)
386 2032 512 2076 Fabae;
538 2029 641 2078 porro
665 2025 791 2062 radices
812 2018 996 2059 nonnullae
1015 2017 1256 2065 mucilagineae
1272 2025 1306 2052 et

291 2091 488 2136 farinaceae,
518 2090 585 2135 11)
604 2087 718 2124 Radix
731 2086 962 2122 Scorzonerae;
990 2078 1050 2127 12)
1064 2079 1177 2115 Radix
1198 2077 1306 2114 Cicho-

292 2159 339 2196 rei
366 2153 516 2202 hortenſis
537 2154 700 2190 eminent.
761 2146 813 2183 Ad
829 2141 1037 2195 vegetabilia,
1069 2153 1151 2181 quae
1178 2162 1307 2185 praeter

292 2220 500 2259 ſubſtantiam
520 2205 737 2257 gelatinoſam
764 2211 963 2255 nutrientem
990 2203 1079 2249 alias
1079 2209 1219 2252 ſapidas
1234 2224 1303 2247 non

298 2284 479 2328 nutrientes
501 2272 692 2318 ſubſtantias
722 2274 863 2316 fouent,
891 2277 1076 2319 praecipua
1076 2273 1162 2316 ſunt
1176 2271 1310 2309 fructus

776 2350 823 2393 G
823 2350 866 2393 5

1190 2344 1317 2380 horaei
