2911 3225
1150 358 1229 405 502

1664 340 2131 398 INTRODVCTIO

888 699 1002 738 Multi
1014 686 1142 723 Pſalmi

885 736 1020 784 rectius
1031 728 1144 774 intel-

889 790 1055 835 liguntur
1059 786 1130 842 re-

886 833 1007 888 vocati
1029 835 1074 888 ad
1088 833 1139 868 fa-

883 891 1072 926 miliarem

887 935 1034 980 piorum
1049 929 1085 969 in

884 981 1052 1015 precibus
1064 978 1147 1020 fun-

882 1031 1015 1064 dendis
1026 1028 1142 1062 vſum.

1156 433 1375 477 adfectum
1397 431 1444 472 in
1456 429 1684 472 Cananaea
1697 430 1879 473 muliere
1905 424 2120 484 obſeruare
2142 428 2269 479 licet,
2300 431 2453 474 Matth.
2465 432 2561 485 XV,
2573 448 2624 475 22.

1158 502 1273 542 quae
1283 490 1477 545 primum
1495 485 1729 532 exclamat:
1761 484 1966 541 Miſerere
1980 482 2089 540 mei,
2125 480 2324 532 Domine,
2347 482 2419 513 fili
2436 482 2624 535 Dauidis!

1158 552 1325 591 deinde
1344 561 1452 590 vero
1472 546 1789 596 calamitatem,
1802 558 1914 602 quae
1929 543 2064 604 ipſam
2078 544 2272 604 vrgebat,
2295 549 2499 602 exponit:
2529 549 2626 595 Filia

1157 622 1248 648 mea
1265 606 1374 647 male
1394 619 1419 646 a
1435 604 1645 647 daemonio
1659 601 1855 646 vexatur.

1303 665 1420 729 §.V.
1461 663 1552 715 Hic
1570 663 1736 712 merito
1754 662 2017 709 adnotamus
2035 656 2106 726 id,
2132 654 2258 703 quod
2276 654 2324 687 in
2342 655 2628 703 explicatione

1161 727 1426 774 Pſalmorum
1439 722 1702 778 idemtidem
1723 720 2049 770 obſeruandum
2065 718 2159 771 esſe
2175 714 2477 748 exiſtimamus,
2503 718 2626 740 nimi-

1161 799 1255 830 rum
1268 788 1382 827 bene
1401 784 1588 840 quidem
1618 784 1789 829 inſtitui
1818 783 2220 829 conſiderationem
2243 783 2490 826 interiorem
2511 796 2626 827 com-

1161 854 1391 912 poſitionis
1408 851 1698 901 Pſalmorum,
1732 852 1800 904 &,
1818 846 1859 904 ſi
1883 846 2014 900 ſancto
2040 846 2146 897 modo
2138 850 2415 906 intelligas,
2442 850 2625 896 fictionis

1161 903 1446 946 cuiusdam
1395 903 1442 964 in
1465 902 1587 945 ſacro
1606 913 1813 959 poemate
1836 903 1987 946 locum
2008 901 2233 951 habentis;
2273 901 2346 947 ſed
2369 903 2477 946 hanc
2495 902 2621 960 ipſam

1161 978 1263 1005 toto
1277 965 1398 1006 caelo
1417 962 1595 1007 differre
1614 962 1666 1005 ab
1689 975 1768 1013 eo,
1804 960 1929 1018 quod
1948 961 2083 1018 vulgo
2103 962 2309 1019 adpellari
2329 961 2436 1007 ſolet
2458 960 2626 1019 figmen-

1161 1037 1257 1068 tum
1278 1018 1529 1079 poeticum.
1587 1024 1689 1068 Nos
1700 1021 1798 1067 ſane
1811 1022 1953 1067 multo
1962 1021 2122 1067 rectius
2142 1034 2270 1080 quam
2281 1021 2464 1079 plurima
2476 1024 2518 1067 in
2531 1023 2625 1069 Pſal-

1161 1088 1244 1125 mis
1263 1083 1587 1137 intelligemus,
1619 1081 1646 1125 ſi
1667 1082 1858 1127 Pſalmos
1879 1081 1930 1125 ad
1955 1080 2213 1126 familiarem
2233 1071 2355 1124 vſum
2367 1091 2623 1130 reuocemus,

1161 1146 1360 1188 vſitatum
1381 1144 1624 1186 etiamnum
1652 1141 1760 1197 piis,
1787 1142 1869 1199 qui
1884 1156 2035 1198 preces
2048 1141 2258 1188 fundunt.
2301 1144 2421 1187 Idem
2442 1144 2552 1188 enim
2570 1145 2624 1188 eſt

1161 1207 1373 1265 Spiritus,
1405 1203 1476 1261 qui
1494 1203 1696 1263 ſuggesſit
1716 1207 1929 1257 Pſalmos,
1965 1207 1990 1250 &
2018 1205 2089 1262 qui
2105 1204 2295 1262 ſuggerit
2315 1205 2451 1250 hodie
2472 1209 2639 1264 preces.

1161 1267 1289 1304 Licet
1310 1266 1428 1302 enim
1445 1263 1490 1303 in
1510 1261 1687 1304 Pſalmis
1717 1259 1970 1301 immediata
1994 1260 2240 1303 Θεοπνευϛία
2266 1257 2525 1312 agnoſcenda
2552 1258 2630 1306 ſit,

1158 1323 1366 1373 precibus
1385 1329 1528 1360 autem
1546 1316 1729 1370 piorum
1761 1316 2017 1362 Θεοπνευϛίαν
2036 1317 2258 1360 eiusmodi
2273 1331 2368 1362 non
2388 1318 2611 1361 tribuamus:

1155 1383 1276 1420 idem
1298 1387 1444 1417 tamen
1465 1375 1526 1418 eſt
1536 1375 1734 1431 Spiritus.
1796 1376 1851 1418 Et
1861 1376 2001 1418 multo
2025 1374 2123 1418 ſane
2137 1375 2309 1419 facilius
2330 1375 2480 1419 omnia
2499 1374 2619 1417 intro-

1156 1439 1416 1493 ſpiciemus,
1453 1435 1482 1478 &
1502 1436 1651 1491 quaſi
1628 1432 1668 1489 in
1686 1436 1905 1481 adfectum
1931 1435 2217 1490 animumque
2243 1435 2429 1481 auctoris
2449 1436 2625 1483 Pſalmo-

1156 1506 1253 1536 rum
1272 1492 1623 1547 penetrabimus,
1635 1493 1661 1536 ſi
1675 1494 1758 1536 iſto
1774 1493 1913 1536 modo
1928 1492 2149 1536 rationem
2164 1493 2340 1537 illorum
2355 1502 2627 1550 componen-

1156 1556 1316 1595 dorum
1340 1550 1675 1605 inueſtigemus,
1704 1562 1835 1604 quam
1857 1551 1883 1593 ſi
1903 1548 2057 1594 neſcio
2084 1562 2195 1607 quae
2211 1547 2422 1604 figmenta
2440 1564 2489 1592 ac
2506 1562 2630 1593 com-

1157 1622 1304 1655 menta
1324 1610 1500 1664 poetica
1522 1610 1559 1651 in
1576 1610 1632 1651 iis
1652 1620 1931 1664 quaeramus,
1963 1609 2123 1662 quibus
2145 1611 2353 1654 adhibitis
2375 1609 2633 1652 obſcuratur

1153 1669 1329 1723 potius,
1361 1677 1489 1721 quam
1504 1666 1757 1716 illuſtratur,
1789 1679 1917 1710 verus
1947 1666 2214 1710 Pſalmorum
2242 1665 2401 1710 ſenſus.
2460 1666 2537 1708 Sin
2561 1678 2632 1713 au-

1155 1738 1248 1768 tem
1268 1722 1536 1777 cogitemus:
1559 1723 1769 1781 Quid?
1734 1719 1775 1778 ſi
1782 1738 1865 1767 nos
1883 1722 1958 1780 ipſi
1978 1723 2025 1767 in
2045 1723 2268 1767 eiusmodi
2286 1722 2528 1767 calamitate
2549 1735 2630 1766 nos

1154 1787 1210 1830 ad
1230 1786 1403 1831 DEVM
1422 1782 1743 1838 reciperemus,
1770 1781 1798 1825 ſi
1810 1782 1861 1825 ad
1873 1796 1974 1827 eum
1986 1780 2356 1838 confugeremus,
2371 1782 2412 1825 &
2423 1782 2627 1826 auxilium

1153 1846 1203 1887 ab
1220 1844 1296 1883 illo
1319 1852 1582 1894 peteremus,
1600 1840 1837 1895 quomodo
1858 1852 1967 1884 tunc
1980 1839 2308 1886 effunderemus
2327 1839 2530 1883 deſideria
2542 1839 2627 1882 ani-

1145 1912 1224 1953 mi
1244 1910 1406 1950 noſtri?
1435 1907 1663 1955 quomodo
1687 1901 1729 1946 in
1751 1903 1833 1947 ſinu
1870 1898 1960 1946 DEI
1982 1895 2055 1950 illa
2079 1901 2219 1940 noſtra
2243 1910 2382 1955 optata
2400 1891 2442 1943 &
2470 1904 2625 1944 deſide-

1159 1963 1219 2002 ria
1235 1961 1583 2011 reponeremus?
1615 1970 1714 2002 tum
1714 1970 1843 2002 certe
1870 1956 2284 2014 deprehendemus,
2320 1970 2405 2001 nos
2427 1957 2622 2003 ſimilibus

1163 2022 1211 2062 in
1228 2018 1388 2062 caſibus
1419 2018 1570 2060 eadem
1593 2018 1764 2061 ratione
1790 2016 1959 2061 acturos
1972 2016 2087 2070 esſe,
2116 2018 2159 2063 &
2176 2020 2222 2064 in
2245 2011 2407 2069 Pſalmis
2429 2011 2623 2080 paralleli-

1162 2078 1301 2122 ſmum
1320 2075 1612 2118 inueniemus.
1672 2078 1733 2120 Ita
1744 2075 1842 2120 ſane
1859 2074 1994 2127 illud,
2021 2075 2153 2132 quod
2175 2075 2307 2120 initio
2325 2077 2456 2121 huius
2477 2077 2618 2122 Pſalmi

1159 2137 1284 2188 ſupra
1301 2131 1707 2180 animaduertimus,
1739 2143 1833 2173 non
1851 2130 1902 2174 ad
1915 2130 2121 2188 ſingulare
2133 2129 2315 2189 aliquod
2328 2130 2553 2176 artificium
2563 2130 2622 2175 eſt

1158 2192 1464 2243 referendum,
1491 2188 1572 2235 ſed
1580 2192 1730 2246 potius
1748 2191 1799 2234 ad
1823 2191 2035 2241 άπλότητα
2053 2191 2241 2247 Spiritus
2262 2189 2435 2246 gratiae,
2453 2189 2542 2246 qui,
2553 2189 2623 2234 vbi

1160 2255 1292 2299 ſentit
1311 2254 1474 2302 homo,
1506 2251 1547 2294 ſe
1574 2253 1714 2307 premi
1735 2253 1778 2298 &
1800 2252 2131 2298 difficultatibus
2150 2263 2282 2309 atque
2316 2251 2621 2298 calamitatibus

1160 2316 1278 2373 quaſi
1299 2316 1562 2371 conſtringi,
1593 2316 1756 2373 recipit
1774 2315 1816 2361 ſe
1836 2320 1887 2361 ad
1910 2320 2111 2371 DEVM,
2135 2318 2180 2369 &
2199 2332 2245 2363 vt
2267 2319 2418 2365 DEVS
2438 2316 2620 2375 primum

1162 2373 1271 2417 illud
1290 2373 1351 2415 eſt
1368 2373 1414 2415 in
1436 2370 1632 2420 adfectu,
1669 2369 1724 2413 ad
1750 2370 1876 2427 quod
1903 2373 2044 2414 homo
2061 2368 2106 2414 ſe
2131 2369 2381 2421 conuertit,
2421 2369 2480 2415 ita
2497 2369 2621 2414 etiam

1162 2430 1355 2485 primum
1378 2431 1438 2473 eſt
1455 2431 1499 2473 in
1520 2428 1616 2484 ipſis
1638 2430 1842 2486 precibus
1861 2429 1903 2474 &
1923 2429 1971 2473 in
1992 2428 2270 2486 expresſione
2297 2441 2484 2478 vocum;
2521 2429 2621 2474 ſicut

1156 2486 1235 2535 hoc
1258 2488 1348 2535 ipſo
1370 2489 1472 2535 loco
1495 2483 1679 2535 Pſaltes:
1708 2492 1728 2535 O
1743 2491 1913 2535 DEVS,
1943 2487 2178 2535 exclamat,
2209 2488 2260 2535 in
2260 2488 2431 2535 nomine
2435 2490 2496 2535 tuo
2512 2488 2621 2535 ſerua

2545 2557 2621 2594 me,
