2047 2470
496 253 633 314 itaque
661 252 763 314 Legi
785 255 928 306 Fabiae
957 257 1145 315 SCtum,
1179 271 1266 318 quo
1291 272 1337 305 ea
1371 260 1434 307 lex
1459 278 1545 310 non
1570 263 1700 315 ſolum
1734 268 1778 312 in

496 316 609 360 vſum
627 306 835 372 reuocata,
870 316 938 364 ſed
958 320 1072 364 aucta
1094 314 1235 380 potius
1248 335 1327 376 eo,
1351 331 1408 368 vt
1428 314 1491 367 id
1504 321 1659 370 nouum
1687 322 1782 370 cen-

495 393 612 441 ſuerit
641 396 764 443 Ordo
790 396 1084 460 Ampliſſimus:
1114 411 1162 444 vt
1177 398 1375 455 fugitiuos
1401 402 1593 462 inquirere
1620 406 1778 455 volenti-

495 455 568 503 bus
588 456 724 505 literae
735 461 788 504 ad
807 451 1073 519 Magiſtratus
1089 463 1308 508 dentur.

1055 522 1095 594 §.
1146 542 1226 590 II.

615 597 817 648 Autorem
840 598 957 649 huius
982 602 1085 650 SCti
1111 605 1218 652 citat.
1245 605 1439 665 Vlpianus
1459 609 1646 654 MODES
1658 623 1777 655 TVM

495 668 576 733 Coſ.
589 667 689 718 Ant.
701 683 1086 719 AVGVSTINVS
1105 680 1150 720 de
1163 676 1330 723 Nomin.
1339 685 1469 735 propr.
1488 680 1609 726 Pand.
1663 681 1792 727 Con-

493 735 617 781 ſulem
638 735 748 781 hunc
766 737 937 783 incertae
956 742 1115 790 aetatis,
1150 741 1331 787 certioris
1347 758 1448 789 vero
1466 739 1563 791 facit
1589 745 1678 792 Iac.
1678 754 1789 792 CV-

498 809 701 849 IACIVS
709 807 754 850 in
776 811 950 852 Paratit.
961 813 1015 853 ad
1023 816 1066 858 π.
1088 812 1168 857 Tit.
1188 819 1240 856 ad
1257 809 1302 867 L.
1320 810 1480 870 Fabiam,
1504 819 1609 857 cuius
1626 817 1776 866 ſenten-

496 868 580 914 tiae
589 867 672 913 fere
691 881 834 915 omnes
852 860 963 918 docti
974 871 1159 921 homines
1168 872 1474 935 adſtipulantur.
1486 878 1556 922 Sic
1565 879 1687 925 Hadr.
1701 892 1784 927 RE-

497 951 713 986 LANDVS
740 943 782 988 in
800 942 988 993 Almelou.
1009 948 1106 1006 Faſt.
1124 948 1221 1008 Coſſ.
1250 952 1289 995 ad
1314 952 1351 999 A.
1370 953 1416 1000 V.
1430 952 1469 997 C.
1489 945 1793 1002 DCCCCLXXX.

491 1014 621 1062 Probi
652 1012 848 1073 collegam
878 1016 1083 1064 conſulem
1112 1019 1207 1067 facit
1224 1021 1474 1073 Modeſtum.
1509 1023 1615 1071 Vſus
1630 1023 1704 1081 eſt,
1722 1023 1775 1071 ad

494 1078 730 1142 firmandam
752 1083 858 1128 ſuam
889 1081 1129 1144 opinionem
1158 1088 1372 1135 autoritate
1393 1091 1515 1139 Henr.
1550 1100 1774 1137 NORISII

492 1164 536 1205 in
558 1154 680 1222 Epiſt.
697 1155 786 1220 Coſſ.
804 1162 913 1210 allata
935 1164 1097 1220 inſuper
1117 1164 1191 1210 hac
1195 1165 1490 1220 inſcriptione:

798 1234 917 1278 TI.
1014 1220 1354 1278 MANILIO
1354 1220 1597 1276 - - -

785 1291 950 1348 SER.
983 1299 1339 1348 CALPVRNIO
1357 1306 1592 1342 - - -

491 1356 547 1402 Et
561 1369 613 1400 ne
628 1352 840 1418 ſupereſſet
854 1354 1066 1405 dubitandi
1085 1356 1212 1420 aliqua
1227 1352 1343 1417 ratio,
1353 1360 1396 1406 in
1406 1358 1594 1408 auxilium
1607 1364 1774 1411 vocauit

491 1419 794 1477 ſubnotationes
818 1432 957 1488 legum
977 1433 1166 1480 Codicis.
1192 1451 1226 1480 v.
1259 1451 1291 1482 c.
1313 1437 1365 1488 L.
1382 1438 1520 1487 XXII.
1547 1438 1588 1487 C.
1601 1440 1651 1486 de
1674 1440 1779 1486 mod.

491 1503 608 1547 mult.
625 1505 670 1548 L.
688 1507 759 1551 IV.
785 1507 825 1552 C.
849 1510 891 1550 de
909 1508 1026 1553 Iudic.
1049 1508 1095 1557 L.
1116 1512 1187 1556 VI.
1199 1512 1243 1555 C.
1265 1513 1311 1553 de
1325 1506 1427 1570 conf.
1441 1521 1517 1557 tut.
1536 1514 1579 1556 L.
1594 1516 1648 1560 II.
1676 1516 1710 1557 C.
1713 1519 1768 1558 in

487 1561 633 1623 quibus
649 1564 745 1624 cauſ.
759 1577 834 1611 tut.
852 1567 915 1612 vel
918 1573 1014 1615 cur.
1021 1571 1105 1616 hab.
1127 1573 1171 1617 L.
1180 1573 1264 1618 IX.
1273 1574 1315 1619 C.
1328 1576 1371 1617 de
1389 1575 1517 1632 excuſ.
1526 1585 1605 1619 tut.
1619 1580 1667 1624 L.
1680 1580 1767 1625 VII.

488 1638 530 1683 C.
550 1640 592 1682 de
603 1635 710 1694 furt.
731 1647 768 1681 et
780 1633 902 1696 ſeruo
922 1648 1087 1698 corrupt.
1121 1642 1165 1688 L.
1188 1644 1259 1690 IV.
1279 1645 1322 1691 C.
1346 1659 1393 1692 ne
1417 1641 1465 1690 de
1472 1644 1571 1704 ſtat.
1593 1646 1763 1705 defunct.

485 1707 533 1749 L.
549 1709 619 1752 III.
637 1707 677 1750 C.
685 1705 731 1763 ſi
737 1706 850 1764 pend.
872 1709 1000 1766 appell.
1018 1712 1125 1754 mors
1142 1712 1334 1758 interuen.
1350 1714 1396 1756 L.
1412 1715 1457 1761 I.
1464 1714 1506 1761 C.
1521 1729 1570 1759 ne
1572 1714 1662 1772 fiſc.
1678 1715 1762 1764 rem

483 1780 607 1824 quam
631 1774 740 1810 vend.
764 1775 884 1813 euinc.
945 1774 1069 1833 Omnia
1092 1774 1186 1817 haec
1202 1772 1432 1834 principum
1454 1772 1596 1833 placita
1616 1777 1659 1823 in
1672 1777 1763 1827 ſub-

482 1838 697 1901 ſcriptione
718 1841 930 1888 continent
946 1840 1113 1892 nomina
1127 1847 1304 1896 Modeſti
1325 1865 1365 1897 et
1379 1848 1505 1897 Probi
1523 1847 1758 1901 Conſulum.

1024 1915 1069 1968 §.
1135 1923 1226 1963 III.

602 1979 683 2025 Sed
701 1982 800 2039 quid
813 1996 926 2044 opus
941 1985 1066 2029 multa
1082 1982 1338 2045 probatione,
1345 1997 1442 2030 cum
1463 1997 1754 2047 CASSIODO-

480 2065 596 2106 RVS,
614 2054 750 2099 Chron.
774 2056 988 2105 Alexandr.
1005 2061 1108 2118 Faſti
1124 2061 1297 2107 Florent.
1312 2062 1443 2109 maior.
1460 2065 1562 2123 Faſti
1577 2064 1752 2114 ldatiani.

485 2131 736 2167 PROSPER.
751 2125 793 2166 in
803 2123 939 2172 Chron.
950 2124 1053 2186 Faſti
1063 2124 1259 2186 Anonymi
1277 2139 1319 2174 et
1337 2143 1588 2175 BVCHERI.
1573 2128 1750 2190 Fragm.

477 2188 566 2235 imo
590 2187 798 2253 Inſcriptio
820 2194 931 2251 apud
959 2211 1275 2250 GRVTERVM
1306 2208 1394 2257 pag.
1420 2197 1564 2248 CLIX.
1583 2214 1622 2247 n.
1654 2209 1750 2250 MO-
