<PcGts xmlns="http://schema.primaresearch.org/PAGE/gts/pagecontent/2019-07-15" xmlns:xsi="http://www.w3.org/2001/XMLSchema-instance" pcGtsId="PAGE_01" xsi:schemaLocation="http://schema.primaresearch.org/PAGE/gts/pagecontent/2019-07-15 http://schema.primaresearch.org/PAGE/gts/pagecontent/2019-07-15/pagecontent.xsd">
  <Metadata>
    <Creator>OCR-D DFG Phase III</Creator>
    <Created>2024-01-19T13:09:16Z</Created>
    <LastChange>2024-01-19T13:09:16Z</LastChange>
    <Comments>ODEM: OCR-D extension for mass digitization (2021-2024)</Comments>
  </Metadata>
  <Page imageFilename="https://opendata.uni-halle.de/retrieve/c11dba17-0550-4189-8ad4-b4b314b6d6a7/00000568.jpg" imageWidth="1656" imageHeight="2230" type="content" primaryLanguage="Latin">
    <Border>
      <Coords points="401,112 435,2091 1564,2086 1576,113"/>
    </Border>
    <ReadingOrder>
      <OrderedGroup id="ro_1651047130062" caption="Regions reading order">
        <RegionRefIndexed index="0" regionRef="region0006"/>
        <RegionRefIndexed index="1" regionRef="region0007"/>
        <RegionRefIndexed index="2" regionRef="region0008"/>
        <RegionRefIndexed index="3" regionRef="TextRegion_1651046778593_3493"/>
      </OrderedGroup>
    </ReadingOrder>
    <TextRegion orientation="-0.19367503" readingDirection="left-to-right" id="region0006" custom="readingOrder {index:0;}">
      <Coords points="646,308 1529,300 1531,506 648,514"/>
      <TextLine id="region0006_line0001" custom="readingOrder {index:0;}">
        <Coords points="1468,301 1462,312 1446,313 1409,312 1392,302 1323,302 1313,305 1307,311 1294,313 1252,312 1247,308 1237,308 1232,312 1185,313 1180,304 1162,304 1158,313 1098,313 1094,305 1075,305 1071,313 1003,312 1000,305 977,305 975,305 973,312 947,315 927,315 922,310 914,310 905,315 902,306 875,307 871,315 738,315 733,307 731,307 716,310 646,308 647,360 779,361 813,357 912,359 966,358 983,355 1027,363 1036,355 1047,359 1069,355 1117,358 1169,358 1182,355 1189,358 1207,358 1214,354 1231,357 1267,357 1273,354 1288,357 1336,358 1346,354 1375,356 1392,353 1412,356 1529,354 1529,317 1492,313 1486,301"/>
        <Word id="region0006_line0001_word0000" custom="readingOrder {index:0;}">
          <Coords points="733,307 729,307 716,310 655,308 655,344 856,345 856,315 738,315"/>
          <TextEquiv conf="0.90498453">
            <Unicode>laſticorum</Unicode>
          </TextEquiv>
        </Word>
        <Word id="region0006_line0001_word0001" custom="readingOrder {index:1;}">
          <Coords points="876,306 876,344 946,344 946,315 927,315 922,310 914,310 905,315 902,306"/>
          <TextEquiv conf="0.9189205">
            <Unicode>fata</Unicode>
          </TextEquiv>
        </Word>
        <Word id="region0006_line0001_word0002" custom="readingOrder {index:2;}">
          <Coords points="1000,305 975,305 973,312 972,312 972,355 983,355 983,355 983,355 1036,355 1036,355 1037,355 1067,355 1069,355 1074,355 1179,356 1182,355 1183,356 1211,356 1214,354 1224,356 1269,356 1273,354 1283,356 1304,356 1304,311 1294,313 1252,312 1247,308 1237,308 1232,312 1185,313 1181,306 1161,306 1158,313 1098,313 1094,305 1075,305 1071,313 1003,312"/>
          <TextEquiv conf="0.9157623">
            <Unicode>deprehenduntur.</Unicode>
          </TextEquiv>
        </Word>
        <Word id="region0006_line0001_word0003" custom="readingOrder {index:3;}">
          <Coords points="1403,309 1356,309 1356,346 1441,346 1441,312 1409,312"/>
          <TextEquiv conf="0.92108154">
            <Unicode>Non</Unicode>
          </TextEquiv>
        </Word>
        <Word id="region0006_line0001_word0004" custom="readingOrder {index:4;}">
          <Coords points="1489,308 1464,308 1462,312 1461,312 1461,347 1525,347 1525,316 1492,313"/>
          <TextEquiv conf="0.9185442">
            <Unicode>de-</Unicode>
          </TextEquiv>
        </Word>
        <TextEquiv conf="0.9158586">
          <Unicode>laſticorum fata deprehenduntur. Non de-</Unicode>
        </TextEquiv>
      </TextLine>
      <TextLine id="region0006_line0002" custom="readingOrder {index:1;}">
        <Coords points="1392,354 1386,356 1382,364 1365,364 1363,357 1346,355 1339,358 1338,364 1318,364 1291,364 1289,358 1281,355 1266,358 1264,364 1233,364 1232,358 1228,356 1214,355 1202,365 1193,365 1190,359 1182,356 1168,359 1166,365 1092,365 1089,358 1084,356 1069,356 1062,360 1061,366 1047,366 1045,359 1036,356 1027,364 1009,362 1008,366 991,366 988,358 972,356 965,359 964,366 915,367 832,366 825,358 813,358 808,360 806,367 740,366 735,362 727,362 719,367 689,367 685,361 679,359 662,359 647,361 647,411 702,413 711,409 723,412 835,411 875,412 880,416 890,416 912,407 924,407 932,420 944,420 951,417 952,410 1201,410 1210,406 1224,409 1272,409 1337,408 1343,405 1358,408 1396,405 1402,408 1490,409 1502,410 1508,414 1530,411 1529,363 1503,363 1498,359 1487,359 1482,363 1423,365 1416,364 1414,358 1409,355"/>
        <Word id="region0006_line0002_word0000" custom="readingOrder {index:0;}">
          <Coords points="679,359 662,359 653,360 653,398 738,398 738,364 735,362 727,362 719,367 689,367 685,361"/>
          <TextEquiv conf="0.89673877">
            <Unicode>ſunt</Unicode>
          </TextEquiv>
        </Word>
        <Word id="region0006_line0002_word0001" custom="readingOrder {index:1;}">
          <Coords points="825,358 813,358 808,360 806,367 768,366 768,402 891,402 891,366 832,366"/>
          <TextEquiv>
            <Unicode>enim,</Unicode>
          </TextEquiv>
        </Word>
        <Word id="region0006_line0002_word0003" custom="readingOrder {index:2;}">
          <Coords points="986,410 986,358 967,358 965,359 964,366 920,366 920,407 924,407 925,410 952,410"/>
          <TextEquiv conf="0.9266785">
            <Unicode>qui</Unicode>
          </TextEquiv>
        </Word>
        <Word id="region0006_line0002_word0004" custom="readingOrder {index:3;}">
          <Coords points="1045,359 1032,359 1027,364 1017,362 1017,398 1145,399 1145,365 1092,365 1089,359 1063,359 1062,360 1061,366 1047,366"/>
          <TextEquiv conf="0.89532834">
            <Unicode>iisdem</Unicode>
          </TextEquiv>
        </Word>
        <Word id="region0006_line0002_word0005" custom="readingOrder {index:4;}">
          <Coords points="1190,360 1175,360 1175,399 1323,399 1323,364 1318,364 1291,364 1289,360 1265,360 1264,364 1233,364 1232,360 1208,360 1202,365 1193,365"/>
          <TextEquiv conf="0.8965372">
            <Unicode>iniurias</Unicode>
          </TextEquiv>
        </Word>
        <Word id="region0006_line0002_word0006" custom="readingOrder {index:5;}">
          <Coords points="1363,360 1346,360 1346,405 1348,406 1383,406 1396,405 1398,406 1523,406 1523,363 1503,363 1499,360 1485,360 1482,363 1423,365 1416,364 1414,360 1384,360 1382,364 1365,364"/>
          <TextEquiv conf="0.8935079">
            <Unicode>inferant,</Unicode>
          </TextEquiv>
        </Word>
        <TextEquiv>
          <Unicode>ſunt enim, qui iisdem iniurias inferant,</Unicode>
        </TextEquiv>
      </TextLine>
      <TextLine id="region0006_line0003" custom="readingOrder {index:2;}">
        <Coords points="1343,406 1336,409 1334,415 1320,415 1226,416 1225,410 1210,407 1200,411 1199,416 1085,417 1039,414 950,418 944,421 932,421 924,408 905,410 899,413 897,418 726,419 724,413 711,410 703,413 701,419 648,419 648,462 660,461 668,467 682,471 688,469 690,463 731,463 744,460 834,463 835,468 840,471 855,471 860,468 861,463 945,460 952,469 955,469 967,459 1024,460 1037,457 1045,462 1100,464 1106,468 1114,468 1120,464 1153,463 1163,473 1180,473 1185,469 1187,462 1416,460 1431,461 1433,468 1438,472 1456,472 1461,468 1463,460 1530,455 1530,418 1489,415 1404,415 1403,410 1396,406 1370,407 1364,411"/>
        <Word id="region0006_line0003_word0000" custom="readingOrder {index:0;}">
          <Coords points="660,461 719,461 719,411 711,410 703,413 701,419 656,419 656,461"/>
          <TextEquiv conf="0.924963">
            <Unicode>qui</Unicode>
          </TextEquiv>
        </Word>
        <Word id="region0006_line0003_word0001" custom="readingOrder {index:1;}">
          <Coords points="754,424 811,424 811,449 754,449"/>
          <TextEquiv conf="0.92226577">
            <Unicode>eos</Unicode>
          </TextEquiv>
        </Word>
        <Word id="region0006_line0003_word0002" custom="readingOrder {index:2;}">
          <Coords points="925,410 905,410 899,413 897,418 841,418 841,463 861,463 861,463 945,460 948,463 962,463 967,459 1024,460 1037,457 1045,462 1098,464 1118,464 1118,417 1085,417 1039,414 950,418 944,421 932,421"/>
          <TextEquiv conf="0.91077596">
            <Unicode>perſequantur,</Unicode>
          </TextEquiv>
        </Word>
        <Word id="region0006_line0003_word0003" custom="readingOrder {index:3;}">
          <Coords points="1220,461 1220,410 1202,410 1200,411 1199,416 1150,416 1150,463 1153,463 1186,463 1187,462"/>
          <TextEquiv conf="0.927258">
            <Unicode>qui</Unicode>
          </TextEquiv>
        </Word>
        <Word id="region0006_line0003_word0004" custom="readingOrder {index:4;}">
          <Coords points="1403,412 1334,412 1334,415 1320,415 1247,415 1247,453 1414,454 1414,415 1404,415"/>
          <TextEquiv conf="0.912795">
            <Unicode>convitiis</Unicode>
          </TextEquiv>
        </Word>
        <Word id="region0006_line0003_word0005" custom="readingOrder {index:5;}">
          <Coords points="1525,455 1525,425 1440,425 1440,465 1461,465 1463,460"/>
          <TextEquiv conf="0.9192246">
            <Unicode>pro-</Unicode>
          </TextEquiv>
        </Word>
        <TextEquiv conf="0.9195471">
          <Unicode>qui eos perſequantur, qui convitiis pro-</Unicode>
        </TextEquiv>
      </TextLine>
      <TextLine id="region0006_line0004" custom="readingOrder {index:3;}">
        <Coords points="1031,458 1023,461 1021,468 993,468 991,461 987,459 974,459 967,460 955,470 952,470 945,461 938,461 933,463 931,469 879,469 873,464 865,464 855,472 820,469 815,465 805,465 800,469 762,470 759,463 744,461 735,463 733,470 689,469 682,472 668,468 660,462 648,466 648,513 1123,509 1124,476 1121,472 1047,469 1046,463"/>
        <Word id="region0006_line0004_word0000" custom="readingOrder {index:0;}">
          <Coords points="664,465 654,465 654,508 818,509 818,467 816,465 803,465 800,469 762,470 760,465 734,465 733,470 689,469 682,472 668,468"/>
          <TextEquiv conf="0.90309495">
            <Unicode>ſcindant</Unicode>
          </TextEquiv>
        </Word>
        <Word id="region0006_line0004_word0001" custom="readingOrder {index:1;}">
          <Coords points="874,465 863,465 855,472 842,470 842,507 1068,508 1068,469 1047,469 1046,465 1021,465 1021,468 993,468 992,465 960,465 955,470 952,470 948,465 932,465 931,469 879,469"/>
          <TextEquiv conf="0.9164529">
            <Unicode>atrociſſimis.</Unicode>
          </TextEquiv>
        </Word>
        <TextEquiv conf="0.9097739">
          <Unicode>ſcindant atrociſſimis.</Unicode>
        </TextEquiv>
      </TextLine>
      <TextEquiv>
        <Unicode>laſticorum fata deprehenduntur. Non de-&#13;
ſunt enim, qui iisdem iniurias inferant,&#13;
qui eos perſequantur, qui convitiis pro-&#13;
ſcindant atrociſſimis.</Unicode>
      </TextEquiv>
    </TextRegion>
    <TextRegion orientation="-0.19367503" readingDirection="left-to-right" id="region0007" custom="readingOrder {index:1;}">
      <Coords points="578,530 1524,517 1529,999 583,1012"/>
      <TextLine id="region0007_line0001" custom="readingOrder {index:0;}">
        <Coords points="1320,520 1318,528 1314,530 1274,529 1267,520 1248,520 1243,530 1221,529 1192,521 1009,521 938,522 874,526 664,525 663,558 668,563 678,564 679,575 694,581 707,582 808,582 813,579 912,581 946,579 958,575 968,578 1056,578 1063,575 1216,577 1316,576 1321,573 1342,576 1382,572 1415,574 1419,583 1433,585 1443,582 1445,574 1465,573 1469,570 1524,571 1524,532 1494,529 1394,529 1388,524 1378,524 1372,529 1358,529 1342,520"/>
        <Word id="region0007_line0001_word0000" custom="readingOrder {index:0;}">
          <Coords points="960,575 1041,576 1041,532 730,531 730,575 955,575 958,575"/>
          <TextEquiv conf="0.8972312">
            <Unicode>HERMANNVS</Unicode>
          </TextEquiv>
        </Word>
        <Word id="region0007_line0001_word0001" custom="readingOrder {index:1;}">
          <Coords points="1139,576 1195,576 1195,536 1061,536 1061,575 1063,575"/>
          <TextEquiv conf="0.927014">
            <Unicode>WIDA</Unicode>
          </TextEquiv>
        </Word>
        <Word id="region0007_line0001_word0002" custom="readingOrder {index:2;}">
          <Coords points="1410,573 1410,531 1214,530 1214,573 1320,573 1321,573 1324,573 1364,573 1382,572"/>
          <TextEquiv conf="0.9057095">
            <Unicode>calamitate</Unicode>
          </TextEquiv>
        </Word>
        <Word id="region0007_line0001_word0003" custom="readingOrder {index:3;}">
          <Coords points="1520,570 1520,543 1424,543 1424,583 1426,584 1436,584 1443,582 1445,574 1465,573 1469,570"/>
          <TextEquiv conf="0.9277718">
            <Unicode>pres-</Unicode>
          </TextEquiv>
        </Word>
        <TextEquiv conf="0.91443163">
          <Unicode>HERMANNVS WIDA calamitate pres-</Unicode>
        </TextEquiv>
      </TextLine>
      <TextLine id="region0007_line0002" custom="readingOrder {index:1;}">
        <Coords points="1469,571 1464,574 1462,581 1433,586 1419,584 1415,575 1391,573 1377,575 1375,582 1340,582 1339,577 1333,574 1321,574 1314,582 1231,583 1171,583 1166,580 1153,581 1133,576 1081,580 1075,576 1063,576 1055,584 1049,585 997,585 985,582 981,585 970,585 969,579 958,576 944,580 940,586 830,588 829,582 825,580 813,580 806,584 805,589 705,589 695,589 692,580 680,576 591,576 586,581 586,612 593,618 593,630 598,634 898,631 915,628 955,632 1092,630 1101,626 1114,629 1257,627 1264,624 1333,627 1346,623 1373,626 1382,617 1393,626 1452,623 1455,632 1459,633 1474,632 1481,626 1501,627 1513,632 1525,630 1524,581 1498,581 1495,573"/>
        <Word id="region0007_line0002_word0000" custom="readingOrder {index:0;}">
          <Coords points="683,577 652,577 652,616 710,616 710,589 705,589 695,589 692,580"/>
          <TextEquiv conf="0.92492884">
            <Unicode>ſus</Unicode>
          </TextEquiv>
        </Word>
        <Word id="region0007_line0002_word0001" custom="readingOrder {index:1;}">
          <Coords points="729,589 729,615 929,615 929,586 830,588 829,582 825,580 813,580 806,584 805,589"/>
          <TextEquiv conf="0.9138097">
            <Unicode>maximum</Unicode>
          </TextEquiv>
        </Word>
        <Word id="region0007_line0002_word0002" custom="readingOrder {index:2;}">
          <Coords points="951,578 951,617 1091,618 1091,579 1081,580 1075,576 1063,576 1055,584 1049,585 997,585 985,582 981,585 970,585 969,579 958,576"/>
          <TextEquiv conf="0.9174837">
            <Unicode>invenit</Unicode>
          </TextEquiv>
        </Word>
        <Word id="region0007_line0002_word0003" custom="readingOrder {index:3;}">
          <Coords points="1149,580 1110,580 1110,616 1302,616 1302,582 1231,583 1171,583 1166,580 1153,581"/>
          <TextEquiv conf="0.921377">
            <Unicode>Patronum</Unicode>
          </TextEquiv>
        </Word>
        <Word id="region0007_line0002_word0004" custom="readingOrder {index:4;}">
          <Coords points="1339,578 1321,578 1321,618 1360,618 1360,582 1340,582"/>
          <TextEquiv conf="0.9626105">
            <Unicode>in</Unicode>
          </TextEquiv>
        </Word>
        <Word id="region0007_line0002_word0005" custom="readingOrder {index:5;}">
          <Coords points="1415,576 1378,576 1378,621 1382,617 1393,626 1452,623 1453,627 1479,627 1481,626 1501,627 1520,627 1520,581 1498,581 1496,576 1463,576 1462,581 1433,586 1419,584"/>
          <TextEquiv conf="0.7608822">
            <Unicode>Erneſto,</Unicode>
          </TextEquiv>
        </Word>
        <TextEquiv conf="0.900182">
          <Unicode>ſus maximum invenit Patronum in Erneſto,</Unicode>
        </TextEquiv>
      </TextLine>
      <TextLine id="region0007_line0003" custom="readingOrder {index:2;}">
        <Coords points="1439,623 1432,625 1430,633 1414,634 1365,634 1362,627 1354,624 1336,626 1329,633 1293,632 1274,625 1264,625 1256,628 1254,632 1235,634 1117,635 1115,630 1101,627 1093,630 1091,637 1037,637 1014,639 936,639 934,632 929,629 898,632 837,631 821,633 813,638 786,640 776,640 774,634 769,632 756,632 751,635 750,640 736,641 715,639 709,632 697,632 691,637 667,633 592,634 587,639 587,670 598,686 748,686 762,683 771,694 789,692 794,686 804,682 867,684 909,682 923,678 968,678 977,682 1003,684 1015,679 1026,680 1031,683 1048,683 1050,688 1055,689 1073,680 1128,682 1131,686 1146,688 1160,681 1307,677 1314,675 1327,678 1381,675 1409,677 1415,674 1454,677 1490,674 1496,677 1525,677 1525,631 1513,633 1501,628 1485,628 1470,634 1459,634 1452,632 1450,624"/>
        <Word id="region0007_line0003_word0000" custom="readingOrder {index:0;}">
          <Coords points="656,633 656,680 815,681 815,636 813,638 786,640 776,640 774,634 769,632 756,632 751,635 750,640 736,641 715,639 709,632 697,632 691,637 667,633"/>
          <TextEquiv conf="0.93305504">
            <Unicode>Principe</Unicode>
          </TextEquiv>
        </Word>
        <Word id="region0007_line0003_word0001" custom="readingOrder {index:1;}">
          <Coords points="930,630 918,630 898,632 839,631 839,671 1017,671 1017,638 1014,639 936,639 934,632"/>
          <TextEquiv conf="0.89165354">
            <Unicode>Haſſiaco,</Unicode>
          </TextEquiv>
        </Word>
        <Word id="region0007_line0003_word0002" custom="readingOrder {index:2;}">
          <Coords points="1105,628 1098,628 1093,630 1091,637 1046,637 1046,679 1111,679 1111,629"/>
          <TextEquiv conf="0.9329866">
            <Unicode>qui</Unicode>
          </TextEquiv>
        </Word>
        <Word id="region0007_line0003_word0003" custom="readingOrder {index:3;}">
          <Coords points="1293,632 1254,632 1235,634 1135,634 1135,678 1270,678 1307,677 1313,675 1313,632"/>
          <TextEquiv conf="0.9288027">
            <Unicode>permulta</Unicode>
          </TextEquiv>
        </Word>
        <Word id="region0007_line0003_word0004" custom="readingOrder {index:4;}">
          <Coords points="1363,631 1336,631 1336,670 1465,670 1465,634 1459,634 1452,632 1451,631 1430,631 1430,633 1414,634 1365,634"/>
          <TextEquiv conf="0.9327027">
            <Unicode>favoris</Unicode>
          </TextEquiv>
        </Word>
        <Word id="region0007_line0003_word0005" custom="readingOrder {index:5;}">
          <Coords points="1486,636 1521,636 1521,669 1486,669"/>
          <TextEquiv conf="0.9066356">
            <Unicode>&amp;</Unicode>
          </TextEquiv>
        </Word>
        <TextEquiv conf="0.9209727">
          <Unicode>Principe Haſſiaco, qui permulta favoris &amp;</Unicode>
        </TextEquiv>
      </TextLine>
      <TextLine id="region0007_line0004" custom="readingOrder {index:3;}">
        <Coords points="1415,675 1406,682 1400,676 1381,676 1375,683 1349,685 1330,685 1328,679 1314,676 1306,678 1304,685 1251,685 1246,681 1236,681 1231,685 1146,689 1081,688 1079,682 1073,681 1052,690 1032,689 1031,684 1026,681 1015,680 1006,684 1004,689 979,689 976,682 968,679 923,679 907,683 903,689 860,690 856,687 847,687 843,690 825,690 819,683 804,683 798,691 778,695 771,695 762,684 749,686 746,693 589,694 584,699 584,730 587,734 743,737 868,735 878,731 898,734 917,731 945,733 952,730 965,733 1044,734 1075,730 1084,732 1092,729 1201,731 1217,727 1230,730 1348,729 1352,732 1361,732 1365,729 1457,728 1463,721 1469,720 1476,721 1482,728 1526,728 1526,709 1525,682 1510,682 1482,675 1475,678 1473,683 1455,683 1446,682 1445,677 1441,675"/>
        <Word id="region0007_line0004_word0000" custom="readingOrder {index:0;}">
          <Coords points="653,693 653,716 780,717 780,694 778,695 771,695 762,684 749,686 746,693"/>
          <TextEquiv conf="0.90974927">
            <Unicode>amoris</Unicode>
          </TextEquiv>
        </Word>
        <Word id="region0007_line0004_word0001" custom="readingOrder {index:1;}">
          <Coords points="969,679 920,679 907,683 903,689 860,690 856,687 847,687 843,690 825,690 819,683 806,683 806,720 1026,721 1026,681 1015,680 1006,684 1004,689 979,689 976,682"/>
          <TextEquiv conf="0.77787566">
            <Unicode>intenſiſſimi</Unicode>
          </TextEquiv>
        </Word>
        <Word id="region0007_line0004_word0002" custom="readingOrder {index:2;}">
          <Coords points="1246,681 1236,681 1231,685 1146,689 1081,688 1079,682 1073,681 1052,690 1048,689 1048,720 1269,720 1269,685 1251,685"/>
          <TextEquiv conf="0.95971215">
            <Unicode>documenta</Unicode>
          </TextEquiv>
        </Word>
        <Word id="region0007_line0004_word0003" custom="readingOrder {index:3;}">
          <Coords points="1289,685 1289,719 1322,720 1322,681 1305,680 1304,685"/>
          <TextEquiv conf="0.932517">
            <Unicode>ei</Unicode>
          </TextEquiv>
        </Word>
        <Word id="region0007_line0004_word0004" custom="readingOrder {index:4;}">
          <Coords points="1406,682 1375,682 1375,683 1349,685 1344,685 1344,724 1460,724 1463,721 1469,720 1476,721 1478,724 1519,724 1519,682 1510,682 1473,682 1473,683 1455,683 1446,682"/>
          <TextEquiv conf="0.8756774">
            <Unicode>exhibuit.</Unicode>
          </TextEquiv>
        </Word>
        <TextEquiv conf="0.8911063">
          <Unicode>amoris intenſiſſimi documenta ei exhibuit.</Unicode>
        </TextEquiv>
      </TextLine>
      <TextLine id="region0007_line0005" custom="readingOrder {index:4;}">
        <Coords points="1469,721 1458,727 1460,733 1451,735 1386,737 1232,736 1229,730 1217,728 1194,737 1169,738 1116,738 1113,732 1092,730 1084,733 1068,732 1063,735 1062,740 979,740 974,736 952,731 944,734 943,740 934,740 933,735 928,732 902,733 896,736 888,732 878,732 866,736 862,742 857,743 729,744 709,743 699,736 592,734 587,737 587,767 593,773 592,783 596,787 763,788 784,783 799,786 953,786 963,782 979,785 1021,785 1032,781 1045,784 1102,784 1262,780 1293,781 1296,787 1309,790 1322,778 1330,781 1373,780 1381,777 1390,777 1396,781 1422,779 1442,788 1448,780 1456,779 1526,780 1526,730 1521,727 1506,727 1501,730 1500,735 1467,735 1464,733 1478,732 1482,729 1476,722"/>
        <Word id="region0007_line0005_word0000" custom="readingOrder {index:0;}">
          <Coords points="654,735 654,767 751,768 751,743 729,744 709,743 699,736"/>
          <TextEquiv conf="0.91505843">
            <Unicode>Haec</Unicode>
          </TextEquiv>
        </Word>
        <Word id="region0007_line0005_word0001" custom="readingOrder {index:1;}">
          <Coords points="770,743 770,765 853,765 853,743"/>
          <TextEquiv conf="0.9321872">
            <Unicode>vero</Unicode>
          </TextEquiv>
        </Word>
        <Word id="region0007_line0005_word0002" custom="readingOrder {index:2;}">
          <Coords points="869,735 869,766 1015,766 1015,740 979,740 974,736 952,731 944,734 943,740 934,740 933,735 928,732 902,733 896,736 888,732 878,732"/>
          <TextEquiv conf="0.9239001">
            <Unicode>felicitas</Unicode>
          </TextEquiv>
        </Word>
        <Word id="region0007_line0005_word0003" custom="readingOrder {index:3;}">
          <Coords points="1032,740 1032,767 1158,767 1158,738 1116,738 1113,732 1092,730 1084,733 1068,732 1063,735 1062,740"/>
          <TextEquiv conf="0.9250868">
            <Unicode>miſero</Unicode>
          </TextEquiv>
        </Word>
        <Word id="region0007_line0005_word0004" custom="readingOrder {index:4;}">
          <Coords points="1179,737 1179,767 1285,767 1285,736 1232,736 1229,730 1217,728 1194,737"/>
          <TextEquiv conf="0.9325862">
            <Unicode>etiam</Unicode>
          </TextEquiv>
        </Word>
        <Word id="region0007_line0005_word0005" custom="readingOrder {index:5;}">
          <Coords points="1481,728 1458,728 1460,733 1451,735 1386,737 1304,736 1304,777 1380,777 1381,777 1390,777 1391,777 1521,778 1521,728 1504,728 1501,730 1500,735 1467,735 1464,733 1478,732 1482,729"/>
          <TextEquiv conf="0.9182532">
            <Unicode>praeceptori</Unicode>
          </TextEquiv>
        </Word>
        <TextEquiv conf="0.92451197">
          <Unicode>Haec vero felicitas miſero etiam praeceptori</Unicode>
        </TextEquiv>
      </TextLine>
      <TextLine id="region0007_line0006" custom="readingOrder {index:5;}">
        <Coords points="1381,778 1371,781 1369,788 1345,789 1332,789 1331,782 1322,779 1309,791 1297,788 1156,789 1126,783 1076,785 1054,790 1039,782 1024,785 1022,791 981,791 976,784 963,783 945,791 869,795 822,794 821,788 816,785 799,787 792,784 780,785 771,793 758,793 751,787 740,787 731,794 717,792 702,786 595,787 590,792 590,823 592,835 597,840 704,840 804,838 810,835 834,839 861,834 887,836 940,833 987,833 998,834 1007,840 1021,841 1087,833 1101,834 1111,830 1127,833 1162,831 1168,834 1208,834 1296,832 1301,829 1394,832 1398,835 1410,832 1446,832 1453,840 1468,840 1478,828 1526,828 1526,792 1488,787 1442,789 1422,780 1415,781 1410,787 1398,787 1393,779"/>
        <Word id="region0007_line0006_word0000" custom="readingOrder {index:0;}">
          <Coords points="793,784 784,784 780,785 771,793 758,793 751,787 740,787 731,794 717,792 702,786 653,786 653,826 861,827 861,794 822,794 821,788 816,785 799,787"/>
          <TextEquiv conf="0.9146099">
            <Unicode>ſcholaſtico</Unicode>
          </TextEquiv>
        </Word>
        <Word id="region0007_line0006_word0001" custom="readingOrder {index:1;}">
          <Coords points="1040,782 1034,782 1024,785 1022,791 981,791 976,784 963,783 945,791 879,794 879,834 918,834 940,833 987,833 998,834 998,834 1068,835 1068,786 1054,790"/>
          <TextEquiv conf="0.8984498">
            <Unicode>contingit.</Unicode>
          </TextEquiv>
        </Word>
        <Word id="region0007_line0006_word0002" custom="readingOrder {index:2;}">
          <Coords points="1151,788 1102,788 1102,824 1277,824 1277,788 1156,789"/>
          <TextEquiv conf="0.9275558">
            <Unicode>Summus</Unicode>
          </TextEquiv>
        </Word>
        <Word id="region0007_line0006_word0003" custom="readingOrder {index:3;}">
          <Coords points="1293,788 1293,824 1325,825 1325,786 1314,785 1309,791 1297,788"/>
          <TextEquiv conf="0.9258606">
            <Unicode>ei</Unicode>
          </TextEquiv>
        </Word>
        <Word id="region0007_line0006_word0004" custom="readingOrder {index:4;}">
          <Coords points="1397,786 1369,786 1369,788 1347,788 1347,829 1443,829 1443,788 1442,789 1435,786 1410,786 1410,787 1398,787"/>
          <TextEquiv conf="0.9240309">
            <Unicode>adeſt</Unicode>
          </TextEquiv>
        </Word>
        <Word id="region0007_line0006_word0005" custom="readingOrder {index:5;}">
          <Coords points="1521,828 1521,798 1456,798 1456,836 1471,836 1478,828"/>
          <TextEquiv conf="0.9256165">
            <Unicode>pa-</Unicode>
          </TextEquiv>
        </Word>
        <TextEquiv conf="0.9193539">
          <Unicode>ſcholaſtico contingit. Summus ei adeſt pa-</Unicode>
        </TextEquiv>
      </TextLine>
      <TextLine id="region0007_line0007" custom="readingOrder {index:6;}">
        <Coords points="1509,828 1502,830 1497,838 1494,838 1493,832 1488,829 1478,829 1468,841 1396,838 1391,834 1382,834 1376,838 1333,838 1316,831 1301,830 1293,838 1204,840 1202,835 1190,833 1183,840 1174,840 1162,832 1147,834 1145,837 1111,831 1101,835 1045,838 1034,842 1007,841 998,835 987,834 940,834 887,837 861,835 847,839 842,845 827,845 823,838 810,836 803,839 802,846 783,848 686,846 664,845 660,842 584,844 579,849 579,879 592,891 687,891 693,887 710,890 766,889 781,894 815,891 817,897 823,899 835,899 849,890 896,889 914,885 940,887 949,884 980,887 1096,889 1155,885 1240,885 1249,881 1263,884 1280,884 1286,881 1302,884 1460,882 1527,884 1526,833 1520,828"/>
        <Word id="region0007_line0007_word0000" custom="readingOrder {index:0;}">
          <Coords points="660,842 657,842 649,842 649,877 795,878 795,846 783,848 686,846 664,845"/>
          <TextEquiv conf="0.7515302">
            <Unicode>tronus,</Unicode>
          </TextEquiv>
        </Word>
        <Word id="region0007_line0007_word0001" custom="readingOrder {index:1;}">
          <Coords points="809,836 809,887 881,887 881,836 861,835 847,839 842,845 827,845 823,838 810,836"/>
          <TextEquiv conf="0.9137289">
            <Unicode>ipſe</Unicode>
          </TextEquiv>
        </Word>
        <Word id="region0007_line0007_word0002" custom="readingOrder {index:2;}">
          <Coords points="1007,841 892,840 892,877 1026,878 1026,842 1007,841"/>
          <TextEquiv>
            <Unicode>DEVS.</Unicode>
          </TextEquiv>
        </Word>
        <Word id="region0007_line0007_word0003" custom="readingOrder {index:3;}">
          <Coords points="1075,836 1075,878 1134,878 1134,836 1082,836"/>
          <TextEquiv conf="0.93263525">
            <Unicode>Ab</Unicode>
          </TextEquiv>
        </Word>
        <Word id="region0007_line0007_word0004" custom="readingOrder {index:4;}">
          <Coords points="1169,837 1155,837 1155,877 1224,877 1224,839 1204,840 1202,837 1186,837 1183,840 1174,840"/>
          <TextEquiv>
            <Unicode>hoc</Unicode>
          </TextEquiv>
        </Word>
        <Word id="region0007_line0007_word0005" custom="readingOrder {index:5;}">
          <Coords points="1332,837 1294,837 1293,838 1237,839 1237,875 1440,876 1440,840 1396,838 1396,838 1376,838 1376,838 1333,838"/>
          <TextEquiv conf="0.9234728">
            <Unicode>excitantur</Unicode>
          </TextEquiv>
        </Word>
        <Word id="region0007_line0007_word0006" custom="readingOrder {index:6;}">
          <Coords points="1493,837 1471,837 1468,841 1452,840 1452,877 1520,877 1520,837 1497,837 1497,838 1494,838"/>
          <TextEquiv conf="0.95731616">
            <Unicode>viri</Unicode>
          </TextEquiv>
        </Word>
        <TextEquiv>
          <Unicode>tronus, ipſe DEVS. Ab hoc excitantur viri</Unicode>
        </TextEquiv>
      </TextLine>
      <TextLine id="region0007_line0009" custom="readingOrder {index:7;}">
        <Coords points="1249,882 1242,884 1239,891 1186,891 1182,888 1172,888 1162,892 984,896 971,896 968,888 962,885 943,886 933,895 930,894 929,888 914,886 906,889 904,895 850,896 835,900 772,897 766,890 751,890 747,897 742,898 712,897 707,889 693,888 686,892 685,897 585,897 580,902 580,933 585,938 607,938 613,945 638,945 642,949 656,946 666,939 674,942 758,943 760,948 769,951 781,950 786,947 787,942 813,941 820,938 828,938 839,946 846,941 866,938 878,949 887,946 889,941 943,940 949,937 978,940 995,939 1003,935 1114,940 1120,946 1132,946 1140,934 1153,937 1204,933 1219,936 1313,936 1316,940 1322,941 1331,940 1336,936 1489,936 1504,939 1528,937 1527,889 1305,891 1304,886 1296,882 1283,883 1278,890 1265,890 1262,884"/>
        <Word id="region0007_line0009_word0000" custom="readingOrder {index:0;}">
          <Coords points="648,897 648,936 840,937 840,898 835,900 772,897 766,890 751,890 747,897 742,898 712,897 707,889 693,888 686,892 685,897"/>
          <TextEquiv conf="0.9169277">
            <Unicode>principes,</Unicode>
          </TextEquiv>
        </Word>
        <Word id="region0007_line0009_word0001" custom="readingOrder {index:1;}">
          <Coords points="921,887 911,887 906,889 904,895 859,895 859,937 924,937 924,887"/>
          <TextEquiv conf="0.9652745">
            <Unicode>qui</Unicode>
          </TextEquiv>
        </Word>
        <Word id="region0007_line0009_word0002" custom="readingOrder {index:2;}">
          <Coords points="968,888 940,888 938,890 938,927 1003,927 1003,895 984,896 971,896"/>
          <TextEquiv conf="0.75956696">
            <Unicode>ſuo</Unicode>
          </TextEquiv>
        </Word>
        <Word id="region0007_line0009_word0003" custom="readingOrder {index:3;}">
          <Coords points="1021,901 1105,901 1105,928 1021,928"/>
          <TextEquiv conf="0.9329775">
            <Unicode>eum</Unicode>
          </TextEquiv>
        </Word>
        <Word id="region0007_line0009_word0004" custom="readingOrder {index:4;}">
          <Coords points="1263,887 1240,887 1239,891 1186,891 1182,888 1172,888 1162,892 1124,892 1124,939 1136,939 1140,934 1153,937 1204,933 1219,936 1313,936 1315,939 1331,939 1333,938 1333,890 1305,891 1304,887 1279,887 1278,890 1265,890"/>
          <TextEquiv conf="0.7855217">
            <Unicode>patrocinio,</Unicode>
          </TextEquiv>
        </Word>
        <Word id="region0007_line0009_word0005" custom="readingOrder {index:5;}">
          <Coords points="1341,901 1460,901 1460,929 1341,929"/>
          <TextEquiv conf="0.96474767">
            <Unicode>amore</Unicode>
          </TextEquiv>
        </Word>
        <Word id="region0007_line0009_word0006" custom="readingOrder {index:6;}">
          <Coords points="1479,901 1520,901 1520,932 1479,932"/>
          <TextEquiv conf="0.83315825">
            <Unicode>ac</Unicode>
          </TextEquiv>
        </Word>
        <TextEquiv conf="0.87973917">
          <Unicode>principes, qui ſuo eum patrocinio, amore ac</Unicode>
        </TextEquiv>
      </TextLine>
      <TextLine id="region0007_line0010" custom="readingOrder {index:8;}">
        <Coords points="1204,934 1185,935 1178,943 1173,944 1155,944 1152,937 1140,935 1132,947 1120,947 1110,941 1100,941 1095,945 1036,946 1035,941 1030,938 1003,936 994,940 992,946 970,947 960,938 949,938 943,941 942,947 886,947 876,950 866,939 861,939 855,942 854,948 839,949 828,939 820,939 815,942 814,949 784,949 774,952 761,949 676,950 673,942 665,940 660,945 645,950 588,948 583,952 506,952 497,960 444,960 444,993 584,992 588,995 666,995 1188,990 1211,994 1219,1001 1233,1001 1246,997 1251,1001 1261,1001 1275,988 1306,987 1312,993 1322,994 1335,987 1406,986 1411,981 1411,955 1406,950 1397,949 1396,942 1391,937 1373,937 1363,944 1355,943 1349,938 1340,938 1334,943 1222,942 1216,935"/>
        <Word id="region0007_line0010_word0000" custom="readingOrder {index:0;}">
          <Coords points="669,941 663,941 660,945 646,949 646,981 766,982 766,950 761,949 676,950 673,942"/>
          <TextEquiv conf="0.9327524">
            <Unicode>favore</Unicode>
          </TextEquiv>
        </Word>
        <Word id="region0007_line0010_word0001" custom="readingOrder {index:1;}">
          <Coords points="829,940 818,940 815,942 814,949 784,949 783,949 783,980 933,980 933,947 886,947 876,950 866,940 859,940 855,942 854,948 839,949"/>
          <TextEquiv conf="0.9217797">
            <Unicode>minime</Unicode>
          </TextEquiv>
        </Word>
        <Word id="region0007_line0010_word0002" custom="readingOrder {index:2;}">
          <Coords points="962,940 950,940 950,981 1114,982 1114,943 1110,941 1100,941 1095,945 1036,946 1035,941 1034,941 994,940 992,946 970,947"/>
          <TextEquiv conf="0.8922084">
            <Unicode>iudicent</Unicode>
          </TextEquiv>
        </Word>
        <Word id="region0007_line0010_word0003" custom="readingOrder {index:3;}">
          <Coords points="1153,940 1137,940 1136,941 1136,990 1188,990 1211,994 1211,994 1268,995 1275,988 1306,987 1312,993 1322,994 1335,987 1388,986 1388,941 1367,941 1363,944 1355,943 1352,941 1337,941 1334,943 1222,942 1221,940 1180,940 1178,943 1173,944 1155,944"/>
          <TextEquiv>
            <Unicode>indignum.</Unicode>
          </TextEquiv>
        </Word>
        <TextEquiv>
          <Unicode>favore minime iudicent indignum.</Unicode>
        </TextEquiv>
      </TextLine>
      <TextEquiv>
        <Unicode>HERMANNVS WIDA calamitate pres-&#13;
ſus maximum invenit Patronum in Erneſto,&#13;
Principe Haſſiaco, qui permulta favoris &amp;&#13;
amoris intenſiſſimi documenta ei exhibuit.&#13;
Haec vero felicitas miſero etiam praeceptori&#13;
ſcholaſtico contingit. Summus ei adeſt pa-&#13;
tronus, ipſe DEVS. Ab hoc excitantur viri&#13;
principes, qui ſuo eum patrocinio, amore ac&#13;
favore minime iudicent indignum.</Unicode>
      </TextEquiv>
    </TextRegion>
    <TextRegion orientation="-0.19367503" readingDirection="left-to-right" id="region0008" custom="readingOrder {index:2;}">
      <Coords points="440,1013 1544,1003 1547,1345 443,1355"/>
      <TextLine id="region0008_line0001" custom="readingOrder {index:0;}">
        <Coords points="1339,1005 1332,1017 1305,1017 1301,1006 1277,1006 1274,1016 1181,1007 654,1012 652,1043 658,1049 667,1050 667,1061 670,1065 697,1068 710,1065 725,1065 730,1068 761,1068 769,1065 793,1066 799,1069 915,1068 963,1062 1017,1066 1024,1061 1062,1060 1075,1065 1081,1066 1085,1062 1111,1066 1215,1065 1348,1061 1365,1057 1382,1061 1446,1061 1456,1057 1468,1057 1478,1061 1502,1058 1508,1061 1527,1062 1535,1055 1543,1057 1544,1012 1510,1011 1503,1007 1493,1007 1485,1011 1445,1016 1436,1016 1429,1010 1420,1010 1414,1016 1377,1016 1373,1005"/>
        <Word id="region0008_line0001_word0000" custom="readingOrder {index:0;}">
          <Coords points="1034,1060 1035,1017 722,1016 721,1063 949,1063 963,1062 988,1063 1019,1063 1024,1061"/>
          <TextEquiv conf="0.8988755">
            <Unicode>HERMANNVS</Unicode>
          </TextEquiv>
        </Word>
        <Word id="region0008_line0001_word0001" custom="readingOrder {index:1;}">
          <Coords points="1093,1063 1194,1064 1195,1016 1060,1015 1059,1060 1062,1060 1070,1063 1083,1063 1085,1062"/>
          <TextEquiv conf="0.92195266">
            <Unicode>WIDA</Unicode>
          </TextEquiv>
        </Word>
        <Word id="region0008_line0001_word0002" custom="readingOrder {index:2;}">
          <Coords points="1213,1024 1249,1024 1248,1061 1212,1061"/>
          <TextEquiv conf="0.9234183">
            <Unicode>&amp;</Unicode>
          </TextEquiv>
        </Word>
        <Word id="region0008_line0001_word0003" custom="readingOrder {index:3;}">
          <Coords points="1467,1057 1468,1018 1264,1017 1263,1059 1354,1059 1365,1057 1375,1059 1448,1059 1456,1057"/>
          <TextEquiv conf="0.91937166">
            <Unicode>obedientes</Unicode>
          </TextEquiv>
        </Word>
        <Word id="region0008_line0001_word0004" custom="readingOrder {index:4;}">
          <Coords points="1504,1059 1520,1059 1521,1023 1484,1023 1483,1059 1494,1059 1502,1058"/>
          <TextEquiv conf="0.93179154">
            <Unicode>&amp;</Unicode>
          </TextEquiv>
        </Word>
        <TextEquiv conf="0.9190819">
          <Unicode>HERMANNVS WIDA &amp; obedientes &amp;</Unicode>
        </TextEquiv>
      </TextLine>
      <TextLine id="region0008_line0002" custom="readingOrder {index:1;}">
        <Coords points="1535,1056 1527,1066 1509,1064 1502,1059 1477,1064 1468,1058 1456,1058 1438,1068 1384,1069 1383,1062 1365,1058 1349,1061 1346,1068 1286,1069 1266,1073 1245,1072 1241,1065 1228,1065 1223,1072 1143,1071 1138,1067 1128,1067 1123,1071 1106,1071 1104,1066 1095,1063 1085,1063 1076,1070 1074,1065 1062,1061 1024,1062 1016,1070 1000,1071 983,1071 974,1063 949,1064 935,1073 915,1075 860,1075 856,1072 846,1072 842,1075 804,1075 793,1067 769,1066 760,1069 758,1074 731,1075 730,1069 725,1066 710,1066 703,1069 702,1076 670,1077 663,1066 646,1064 641,1069 640,1077 582,1078 579,1082 579,1112 591,1122 612,1122 615,1127 627,1130 637,1128 641,1122 731,1120 736,1117 773,1119 784,1115 795,1116 803,1120 871,1120 877,1117 909,1114 1183,1116 1192,1113 1224,1112 1231,1115 1253,1115 1259,1120 1269,1120 1275,1115 1302,1115 1316,1104 1320,1104 1330,1113 1544,1114 1543,1058"/>
        <Word id="region0008_line0002_word0000" custom="readingOrder {index:0;}">
          <Coords points="622,1077 622,1112 895,1113 895,1075 860,1075 856,1072 846,1072 842,1075 804,1075 793,1067 769,1066 760,1069 758,1074 731,1075 730,1069 725,1066 710,1066 703,1069 702,1076 670,1077 663,1066 646,1064 641,1069 640,1077"/>
          <TextEquiv conf="0.8600028">
            <Unicode>inobedientes</Unicode>
          </TextEquiv>
        </Word>
        <Word id="region0008_line0002_word0001" custom="readingOrder {index:1;}">
          <Coords points="1068,1063 1023,1063 1016,1070 1000,1071 983,1071 974,1063 949,1064 935,1073 918,1074 918,1103 1071,1103 1071,1064"/>
          <TextEquiv conf="0.91258234">
            <Unicode>offendit</Unicode>
          </TextEquiv>
        </Word>
        <Word id="region0008_line0002_word0002" custom="readingOrder {index:2;}">
          <Coords points="1098,1064 1086,1064 1086,1104 1178,1104 1178,1071 1143,1071 1138,1067 1128,1067 1123,1071 1106,1071 1104,1066"/>
          <TextEquiv conf="0.95898896">
            <Unicode>inter</Unicode>
          </TextEquiv>
        </Word>
        <Word id="region0008_line0002_word0003" custom="readingOrder {index:3;}">
          <Coords points="1242,1068 1225,1068 1223,1072 1193,1071 1193,1107 1272,1107 1272,1071 1266,1073 1245,1072"/>
          <TextEquiv>
            <Unicode>eos,</Unicode>
          </TextEquiv>
        </Word>
        <Word id="region0008_line0002_word0004" custom="readingOrder {index:4;}">
          <Coords points="1383,1062 1348,1062 1346,1068 1300,1068 1300,1103 1435,1104 1435,1068 1384,1069"/>
          <TextEquiv>
            <Unicode>quibus</Unicode>
          </TextEquiv>
        </Word>
        <Word id="region0008_line0002_word0005" custom="readingOrder {index:5;}">
          <Coords points="1539,1057 1534,1057 1527,1066 1509,1064 1502,1059 1477,1064 1468,1058 1456,1058 1448,1062 1448,1104 1540,1104 1540,1057"/>
          <TextEquiv conf="0.8540239">
            <Unicode>fuit</Unicode>
          </TextEquiv>
        </Word>
        <TextEquiv>
          <Unicode>inobedientes offendit inter eos, quibus fuit</Unicode>
        </TextEquiv>
      </TextLine>
      <TextLine id="region0008_line0003" custom="readingOrder {index:2;}">
        <Coords points="1316,1105 1302,1116 1301,1121 1286,1122 1233,1122 1232,1116 1224,1113 1192,1114 1179,1122 1171,1123 1162,1115 1145,1117 1143,1122 1122,1122 1111,1115 1076,1114 1062,1117 1029,1117 1025,1123 1005,1122 997,1115 974,1115 967,1117 963,1122 953,1117 909,1115 877,1118 870,1121 868,1127 807,1125 798,1118 784,1116 771,1120 766,1125 761,1125 755,1118 736,1118 730,1121 726,1128 627,1131 617,1128 582,1128 577,1133 577,1164 582,1169 599,1169 601,1177 605,1179 659,1179 665,1171 741,1172 756,1169 762,1172 801,1173 953,1166 969,1169 974,1166 987,1166 996,1170 1004,1166 1032,1166 1041,1162 1049,1162 1059,1167 1127,1168 1135,1165 1246,1167 1253,1163 1287,1166 1311,1162 1503,1165 1507,1162 1545,1158 1544,1123 1495,1120 1329,1120 1329,1113 1320,1105"/>
        <Word id="region0008_line0003_word0000" custom="readingOrder {index:0;}">
          <Coords points="647,1130 647,1162 861,1163 861,1126 807,1125 798,1118 784,1116 771,1120 766,1125 761,1125 755,1118 736,1118 730,1121 726,1128"/>
          <TextEquiv conf="0.7098666">
            <Unicode>praefectus.</Unicode>
          </TextEquiv>
        </Word>
        <Word id="region0008_line0003_word0001" custom="readingOrder {index:1;}">
          <Coords points="910,1115 910,1155 1060,1155 1060,1117 1029,1117 1025,1123 1005,1122 997,1115 974,1115 967,1117 963,1122 953,1117"/>
          <TextEquiv conf="0.7891716">
            <Unicode>Doctor</Unicode>
          </TextEquiv>
        </Word>
        <Word id="region0008_line0003_word0002" custom="readingOrder {index:2;}">
          <Coords points="1077,1114 1075,1114 1067,1115 1067,1153 1294,1154 1294,1121 1286,1122 1233,1122 1232,1116 1228,1114 1191,1114 1179,1122 1171,1123 1162,1115 1145,1117 1143,1122 1122,1122 1111,1115"/>
          <TextEquiv conf="0.7891716">
            <Unicode>ſcholaſticus</Unicode>
          </TextEquiv>
        </Word>
        <Word id="region0008_line0003_word0003" custom="readingOrder {index:3;}">
          <Coords points="1320,1105 1315,1105 1309,1110 1309,1152 1427,1153 1427,1120 1329,1120 1329,1113"/>
          <TextEquiv conf="0.92215455">
            <Unicode>bonos</Unicode>
          </TextEquiv>
        </Word>
        <Word id="region0008_line0003_word0004" custom="readingOrder {index:4;}">
          <Coords points="1442,1126 1520,1126 1520,1153 1442,1153"/>
          <TextEquiv conf="0.9261466">
            <Unicode>ma-</Unicode>
          </TextEquiv>
        </Word>
        <TextEquiv conf="0.82730216">
          <Unicode>praefectus. Doctor ſcholaſticus bonos ma-</Unicode>
        </TextEquiv>
      </TextLine>
      <TextLine id="region0008_line0005" custom="readingOrder {index:3;}">
        <Coords points="1311,1163 1302,1166 1301,1172 1272,1173 1267,1165 1253,1164 1245,1168 1244,1174 1204,1178 1154,1175 1150,1168 1144,1166 1130,1167 1125,1170 1124,1175 1063,1173 1060,1168 1049,1163 1032,1167 1004,1167 994,1173 987,1167 974,1167 970,1170 953,1167 947,1170 945,1176 838,1179 800,1179 794,1174 786,1174 781,1178 763,1178 761,1172 747,1170 741,1173 740,1178 679,1179 678,1174 665,1172 659,1180 598,1179 587,1185 584,1189 584,1220 589,1225 659,1225 665,1222 706,1224 799,1223 811,1220 865,1222 873,1218 885,1218 890,1229 899,1230 910,1227 912,1221 958,1218 1071,1220 1075,1227 1091,1230 1101,1218 1122,1216 1180,1220 1187,1225 1293,1213 1310,1216 1441,1216 1443,1221 1453,1222 1469,1212 1545,1209 1545,1199 1545,1174 1483,1171 1416,1172 1401,1171 1395,1166 1387,1166 1381,1171 1343,1171 1342,1165 1338,1163"/>
        <Word id="region0008_line0005_word0000" custom="readingOrder {index:0;}">
          <Coords points="646,1179 646,1207 690,1207 690,1178 679,1179 678,1174 665,1172 659,1180"/>
          <TextEquiv conf="0.9249505">
            <Unicode>lis</Unicode>
          </TextEquiv>
        </Word>
        <Word id="region0008_line0005_word0001" custom="readingOrder {index:1;}">
          <Coords points="708,1178 708,1206 838,1207 838,1179 800,1179 794,1174 786,1174 781,1178 763,1178 761,1172 747,1170 741,1173 740,1178"/>
          <TextEquiv conf="0.92869127">
            <Unicode>mixtos</Unicode>
          </TextEquiv>
        </Word>
        <Word id="region0008_line0005_word0002" custom="readingOrder {index:2;}">
          <Coords points="983,1218 983,1167 974,1167 970,1170 953,1167 947,1170 945,1176 852,1178 852,1221 865,1222 873,1218 885,1218 887,1224 911,1224 912,1221 958,1218"/>
          <TextEquiv conf="0.92773926">
            <Unicode>reperit</Unicode>
          </TextEquiv>
        </Word>
        <Word id="region0008_line0005_word0003" custom="readingOrder {index:3;}">
          <Coords points="1216,1221 1216,1176 1204,1178 1154,1175 1150,1168 1144,1166 1130,1167 1125,1170 1124,1175 1063,1173 1060,1168 1049,1163 1032,1167 1004,1167 1002,1168 1002,1218 1071,1220 1073,1224 1095,1224 1101,1218 1122,1216 1180,1220 1186,1224 1188,1224"/>
          <TextEquiv>
            <Unicode>diſcipulos,</Unicode>
          </TextEquiv>
        </Word>
        <Word id="region0008_line0005_word0004" custom="readingOrder {index:4;}">
          <Coords points="1270,1170 1245,1170 1244,1174 1227,1176 1227,1211 1436,1212 1436,1172 1416,1172 1401,1171 1401,1171 1381,1171 1381,1171 1343,1171 1343,1171 1301,1170 1301,1172 1272,1173"/>
          <TextEquiv conf="0.92295265">
            <Unicode>obedientes</Unicode>
          </TextEquiv>
        </Word>
        <Word id="region0008_line0005_word0005" custom="readingOrder {index:5;}">
          <Coords points="1519,1210 1519,1183 1451,1183 1451,1219 1457,1219 1469,1212"/>
          <TextEquiv conf="0.9255805">
            <Unicode>pa-</Unicode>
          </TextEquiv>
        </Word>
        <TextEquiv>
          <Unicode>lis mixtos reperit diſcipulos, obedientes pa-</Unicode>
        </TextEquiv>
      </TextLine>
      <TextLine id="region0008_line0006" custom="readingOrder {index:4;}">
        <Coords points="1489,1212 1469,1213 1453,1223 1356,1221 1354,1217 1347,1215 1334,1215 1328,1221 1324,1217 1293,1214 1284,1217 1262,1217 1250,1224 1215,1221 1200,1226 1174,1226 1159,1225 1156,1220 1148,1217 1122,1217 1101,1219 1097,1227 1091,1231 1074,1227 1022,1226 1017,1222 1008,1222 1001,1226 963,1227 962,1221 958,1219 927,1220 921,1227 899,1231 890,1230 885,1219 868,1221 865,1230 829,1230 828,1224 823,1221 811,1221 806,1224 805,1230 762,1231 692,1231 676,1223 665,1223 658,1226 657,1231 579,1233 576,1237 576,1268 590,1276 657,1276 675,1272 688,1275 746,1275 794,1275 802,1271 825,1274 1004,1272 1026,1271 1033,1267 1046,1267 1051,1270 1152,1271 1227,1270 1243,1267 1253,1270 1261,1263 1271,1263 1278,1269 1410,1269 1514,1266 1546,1260 1546,1231 1545,1224 1509,1223 1505,1213"/>
        <Word id="region0008_line0006_word0000" custom="readingOrder {index:0;}">
          <Coords points="647,1231 647,1256 727,1256 727,1231 692,1231 676,1223 665,1223 658,1226 657,1231"/>
          <TextEquiv conf="0.9166187">
            <Unicode>riter</Unicode>
          </TextEquiv>
        </Word>
        <Word id="region0008_line0006_word0001" custom="readingOrder {index:1;}">
          <Coords points="753,1231 753,1255 792,1256 792,1231 777,1230 762,1231"/>
          <TextEquiv conf="0.9304541">
            <Unicode>ac</Unicode>
          </TextEquiv>
        </Word>
        <Word id="region0008_line0006_word0002" custom="readingOrder {index:2;}">
          <Coords points="812,1221 812,1257 1065,1257 1065,1226 1022,1226 1017,1222 1008,1222 1001,1226 963,1227 962,1221 958,1219 927,1220 921,1227 899,1231 890,1230 885,1219 868,1221 865,1230 829,1230 828,1224 823,1221"/>
          <TextEquiv conf="0.90308577">
            <Unicode>inobedientes.</Unicode>
          </TextEquiv>
        </Word>
        <Word id="region0008_line0006_word0003" custom="readingOrder {index:3;}">
          <Coords points="1156,1220 1115,1220 1115,1259 1256,1259 1256,1220 1250,1224 1215,1221 1200,1226 1174,1226 1159,1225"/>
          <TextEquiv conf="0.9040135">
            <Unicode>Horum</Unicode>
          </TextEquiv>
        </Word>
        <Word id="region0008_line0006_word0004" custom="readingOrder {index:4;}">
          <Coords points="1325,1218 1278,1218 1278,1259 1406,1260 1406,1222 1356,1221 1354,1218 1330,1218 1328,1221"/>
          <TextEquiv>
            <Unicode>ſcelere</Unicode>
          </TextEquiv>
        </Word>
        <Word id="region0008_line0006_word0005" custom="readingOrder {index:5;}">
          <Coords points="1508,1221 1456,1221 1453,1223 1431,1222 1431,1260 1520,1260 1520,1223 1509,1223"/>
          <TextEquiv conf="0.69953156">
            <Unicode>affli-</Unicode>
          </TextEquiv>
        </Word>
        <TextEquiv>
          <Unicode>riter ac inobedientes. Horum ſcelere affli-</Unicode>
        </TextEquiv>
      </TextLine>
      <TextLine id="region0008_line0007" custom="readingOrder {index:5;}">
        <Coords points="445,1252 443,1342 448,1347 456,1347 461,1342 463,1318 495,1319 500,1314 501,1301 575,1301 576,1319 585,1326 585,1336 589,1341 669,1339 680,1330 690,1328 810,1325 959,1326 967,1334 983,1334 992,1324 1015,1322 1326,1320 1333,1329 1344,1330 1350,1320 1394,1321 1406,1316 1410,1311 1410,1281 1404,1275 1298,1275 1293,1271 1282,1271 1277,1275 1278,1270 1271,1264 1261,1264 1253,1271 1233,1268 1226,1271 1225,1276 1189,1278 1123,1278 1118,1274 1108,1274 1103,1278 1087,1278 1070,1269 1058,1269 1052,1273 1046,1268 1033,1268 1025,1272 1024,1278 997,1279 859,1280 842,1277 839,1274 802,1272 791,1277 738,1282 701,1282 685,1274 675,1273 667,1276 665,1282 511,1283 510,1265 505,1260 463,1260 458,1253"/>
        <Word id="word_1651046992744_3557" custom="readingOrder {index:0;}">
          <Coords points="646,1294 675,1285 776,1290 776,1314 744,1324 646,1324"/>
          <TextEquiv>
            <Unicode>gitur:</Unicode>
          </TextEquiv>
        </Word>
        <Word id="region0008_line0007_word0003" custom="readingOrder {index:1;}">
          <Coords points="800,1272 800,1302 945,1302 945,1279 859,1280 842,1277 839,1274 802,1272"/>
          <TextEquiv conf="0.90347594">
            <Unicode>illorum</Unicode>
          </TextEquiv>
        </Word>
        <Word id="region0008_line0007_word0004" custom="readingOrder {index:2;}">
          <Coords points="969,1279 969,1313 1142,1314 1142,1278 1123,1278 1118,1274 1108,1274 1103,1278 1087,1278 1070,1269 1058,1269 1052,1273 1046,1268 1033,1268 1025,1272 1024,1278 997,1279"/>
          <TextEquiv conf="0.9188893">
            <Unicode>probitate</Unicode>
          </TextEquiv>
        </Word>
        <Word id="region0008_line0007_word0005" custom="readingOrder {index:3;}">
          <Coords points="1167,1278 1167,1313 1353,1313 1353,1275 1298,1275 1293,1271 1282,1271 1277,1275 1278,1270 1271,1264 1261,1264 1253,1271 1233,1268 1226,1271 1225,1276 1189,1278"/>
          <TextEquiv conf="0.90105635">
            <Unicode>excitatur.</Unicode>
          </TextEquiv>
        </Word>
        <TextEquiv>
          <Unicode>gitur: illorum probitate excitatur.</Unicode>
        </TextEquiv>
      </TextLine>
      <TextEquiv>
        <Unicode>HERMANNVS WIDA &amp; obedientes &amp;&#13;
inobedientes offendit inter eos, quibus fuit&#13;
praefectus. Doctor ſcholaſticus bonos ma-&#13;
lis mixtos reperit diſcipulos, obedientes pa-&#13;
riter ac inobedientes. Horum ſcelere affli-&#13;
| gitur: illorum probitate excitatur.</Unicode>
      </TextEquiv>
    </TextRegion>
    <TextRegion orientation="-0.19367503" readingDirection="left-to-right" id="TextRegion_1651046778593_3493" custom="readingOrder {index:3;}">
      <Coords points="629,1338 1524,1330 1528,1754 1516,1802 632,1810 631,1748"/>
      <TextLine id="region0012_line0001" custom="readingOrder {index:0;}">
        <Coords points="1118,1334 646,1338 646,1370 652,1376 666,1376 672,1384 743,1391 774,1389 897,1392 908,1388 938,1390 978,1386 1273,1388 1285,1389 1287,1394 1292,1396 1308,1398 1322,1394 1325,1390 1366,1382 1389,1386 1425,1386 1427,1393 1437,1396 1454,1392 1456,1385 1524,1385 1524,1342 1254,1342 1193,1334"/>
        <Word id="region0012_line0001_word0000" custom="readingOrder {index:0;}">
          <Coords points="1030,1386 1030,1349 716,1348 716,1388 722,1389 771,1389 774,1389 782,1389 903,1389 908,1388 933,1389 940,1389 978,1386"/>
          <TextEquiv conf="0.89220655">
            <Unicode>HERMANNVS</Unicode>
          </TextEquiv>
        </Word>
        <Word id="region0012_line0001_word0001" custom="readingOrder {index:1;}">
          <Coords points="1200,1387 1200,1350 1068,1350 1068,1386"/>
          <TextEquiv conf="0.88903505">
            <Unicode>WIDA</Unicode>
          </TextEquiv>
        </Word>
        <Word id="region0012_line0001_word0002" custom="readingOrder {index:2;}">
          <Coords points="1407,1386 1407,1356 1233,1355 1233,1387 1273,1388 1285,1389 1287,1394 1290,1395 1316,1395 1322,1394 1325,1390 1366,1382 1389,1386"/>
          <TextEquiv conf="0.91350365">
            <Unicode>magnam</Unicode>
          </TextEquiv>
        </Word>
        <Word id="region0012_line0001_word0003" custom="readingOrder {index:3;}">
          <Coords points="1520,1385 1520,1357 1435,1357 1435,1395 1437,1396 1454,1392 1456,1385"/>
          <TextEquiv conf="0.92122126">
            <Unicode>prae</Unicode>
          </TextEquiv>
        </Word>
        <TextEquiv conf="0.90399164">
          <Unicode>HERMANNVS WIDA magnam prae</Unicode>
        </TextEquiv>
      </TextLine>
      <TextLine id="region0012_line0002" custom="readingOrder {index:1;}">
        <Coords points="1366,1383 1346,1386 1338,1389 1335,1394 1308,1399 1285,1394 1086,1397 1014,1394 1010,1397 999,1396 996,1389 978,1387 973,1392 946,1397 922,1397 920,1391 908,1389 883,1398 819,1395 780,1398 779,1393 774,1390 759,1390 755,1392 754,1398 719,1398 717,1391 707,1386 630,1384 631,1440 672,1438 678,1441 712,1442 834,1443 837,1450 858,1452 863,1449 864,1443 956,1442 961,1439 1057,1444 1063,1448 1070,1448 1079,1444 1096,1444 1126,1438 1285,1439 1294,1446 1304,1446 1314,1439 1332,1439 1337,1436 1525,1437 1524,1393 1452,1393 1437,1397 1429,1394 1402,1393 1398,1390 1382,1392 1380,1386"/>
        <Word id="region0012_line0002_word0000" custom="readingOrder {index:0;}">
          <Coords points="641,1389 674,1389 674,1428 641,1428"/>
          <TextEquiv>
            <Unicode>ſe</Unicode>
          </TextEquiv>
        </Word>
        <Word id="region0012_line0002_word0001" custom="readingOrder {index:1;}">
          <Coords points="709,1387 690,1387 690,1427 821,1428 821,1395 819,1395 780,1398 779,1393 774,1390 759,1390 755,1392 754,1398 719,1398 717,1391"/>
          <TextEquiv conf="0.9246138">
            <Unicode>ferebat</Unicode>
          </TextEquiv>
        </Word>
        <Word id="region0012_line0002_word0002" custom="readingOrder {index:2;}">
          <Coords points="993,1389 976,1389 973,1392 946,1397 922,1397 920,1391 908,1389 883,1398 843,1396 843,1439 960,1440 961,1439 972,1440 1074,1440 1074,1396 1014,1394 1010,1397 999,1396 996,1389"/>
          <TextEquiv conf="0.9175922">
            <Unicode>patientiam,</Unicode>
          </TextEquiv>
        </Word>
        <Word id="region0012_line0002_word0003" custom="readingOrder {index:3;}">
          <Coords points="1098,1401 1185,1401 1185,1428 1098,1428"/>
          <TextEquiv conf="0.96352255">
            <Unicode>cum</Unicode>
          </TextEquiv>
        </Word>
        <Word id="region0012_line0002_word0004" custom="readingOrder {index:4;}">
          <Coords points="1201,1399 1279,1399 1279,1427 1201,1427"/>
          <TextEquiv conf="0.72663605">
            <Unicode>non</Unicode>
          </TextEquiv>
        </Word>
        <Word id="region0012_line0002_word0005" custom="readingOrder {index:5;}">
          <Coords points="1380,1387 1342,1387 1338,1389 1335,1394 1308,1399 1293,1395 1293,1440 1312,1440 1314,1439 1332,1439 1337,1436 1403,1436 1403,1393 1402,1393 1398,1390 1382,1392"/>
          <TextEquiv conf="0.9226488">
            <Unicode>poſſet</Unicode>
          </TextEquiv>
        </Word>
        <Word id="region0012_line0002_word0006" custom="readingOrder {index:6;}">
          <Coords points="1425,1402 1518,1402 1518,1430 1425,1430"/>
          <TextEquiv conf="0.8975187">
            <Unicode>cun-</Unicode>
          </TextEquiv>
        </Word>
        <TextEquiv>
          <Unicode>ſe ferebat patientiam, cum non poſſet cun-</Unicode>
        </TextEquiv>
      </TextLine>
      <TextLine id="region0012_line0003" custom="readingOrder {index:2;}">
        <Coords points="1337,1437 1329,1443 1313,1443 1304,1447 1294,1447 1285,1440 1240,1443 1224,1447 1169,1447 1144,1445 1141,1441 1126,1439 1070,1449 1027,1449 1022,1444 1011,1444 1006,1448 983,1448 981,1442 976,1440 961,1440 956,1443 955,1448 950,1448 942,1442 929,1442 923,1449 868,1450 858,1453 829,1450 720,1451 685,1445 672,1439 651,1439 631,1442 631,1493 702,1494 707,1498 718,1499 730,1492 749,1491 759,1502 774,1503 782,1494 792,1492 984,1493 990,1490 1003,1490 1008,1493 1037,1497 1044,1490 1051,1490 1059,1494 1175,1492 1225,1494 1237,1498 1246,1494 1402,1490 1422,1486 1436,1489 1453,1485 1469,1488 1525,1489 1525,1444 1377,1446 1366,1445 1355,1437"/>
        <Word id="region0012_line0003_word0000" custom="readingOrder {index:0;}">
          <Coords points="677,1441 642,1441 642,1485 721,1486 721,1450 720,1451 685,1445"/>
          <TextEquiv>
            <Unicode>cta,</Unicode>
          </TextEquiv>
        </Word>
        <Word id="region0012_line0003_word0001" custom="readingOrder {index:1;}">
          <Coords points="750,1453 846,1453 846,1492 750,1492"/>
          <TextEquiv conf="0.7155039">
            <Unicode>quae</Unicode>
          </TextEquiv>
        </Word>
        <Word id="region0012_line0003_word0002" custom="readingOrder {index:2;}">
          <Coords points="943,1443 927,1443 923,1449 884,1449 884,1488 1043,1489 1043,1449 1027,1449 1022,1444 1011,1444 1006,1448 983,1448 981,1443 955,1443 955,1448 950,1448"/>
          <TextEquiv conf="0.91024816">
            <Unicode>volebat,</Unicode>
          </TextEquiv>
        </Word>
        <Word id="region0012_line0003_word0003" custom="readingOrder {index:3;}">
          <Coords points="1144,1445 1092,1445 1077,1447 1077,1490 1241,1490 1241,1445 1232,1445 1224,1447 1169,1447"/>
          <TextEquiv>
            <Unicode>efiicere,</Unicode>
          </TextEquiv>
        </Word>
        <Word id="region0012_line0003_word0005" custom="readingOrder {index:4;}">
          <Coords points="1269,1449 1306,1450 1306,1485 1269,1484"/>
          <TextEquiv conf="0.93103516">
            <Unicode>&amp;</Unicode>
          </TextEquiv>
        </Word>
        <Word id="region0012_line0003_word0006" custom="readingOrder {index:5;}">
          <Coords points="1364,1444 1331,1444 1331,1483 1517,1483 1517,1444 1377,1446 1366,1445"/>
          <TextEquiv conf="0.86474967">
            <Unicode>ſacrorum</Unicode>
          </TextEquiv>
        </Word>
        <TextEquiv>
          <Unicode>cta, quae volebat, efiicere, &amp; ſacrorum</Unicode>
        </TextEquiv>
      </TextLine>
      <TextLine id="region0012_line0004" custom="readingOrder {index:3;}">
        <Coords points="1453,1486 1446,1489 1444,1495 1438,1495 1435,1489 1422,1487 1400,1491 1397,1496 1237,1499 1060,1499 1057,1493 1044,1491 1037,1498 1011,1499 1003,1491 990,1491 983,1494 981,1499 945,1501 810,1501 809,1496 804,1493 792,1493 777,1503 764,1504 757,1502 754,1495 749,1492 730,1493 719,1502 631,1499 632,1551 657,1552 663,1546 674,1544 865,1545 871,1542 885,1545 931,1545 946,1542 958,1545 1012,1546 1060,1544 1068,1541 1170,1546 1175,1550 1184,1550 1191,1546 1219,1545 1232,1552 1244,1549 1246,1543 1284,1542 1289,1539 1316,1542 1331,1539 1352,1542 1374,1539 1408,1540 1421,1537 1445,1537 1452,1540 1525,1537 1525,1499 1472,1495 1466,1487"/>
        <Word id="region0012_line0004_word0000" custom="readingOrder {index:0;}">
          <Coords points="640,1499 640,1538 844,1539 844,1501 810,1501 809,1496 804,1493 792,1493 777,1503 764,1504 757,1502 754,1495 749,1492 730,1493 719,1502"/>
          <TextEquiv conf="0.916812">
            <Unicode>praeſertim</Unicode>
          </TextEquiv>
        </Word>
        <Word id="region0012_line0004_word0001" custom="readingOrder {index:1;}">
          <Coords points="868,1501 868,1537 1186,1538 1186,1499 1060,1499 1057,1493 1044,1491 1037,1498 1011,1499 1003,1491 990,1491 983,1494 981,1499 945,1501"/>
          <TextEquiv conf="0.841963">
            <Unicode>emendationem,</Unicode>
          </TextEquiv>
        </Word>
        <Word id="region0012_line0004_word0002" custom="readingOrder {index:2;}">
          <Coords points="1327,1539 1327,1502 1212,1501 1212,1542 1266,1542 1284,1542 1289,1539 1316,1542"/>
          <TextEquiv conf="0.8232501">
            <Unicode>quam</Unicode>
          </TextEquiv>
        </Word>
        <Word id="region0012_line0004_word0003" custom="readingOrder {index:3;}">
          <Coords points="1435,1490 1405,1490 1400,1491 1397,1496 1344,1496 1344,1532 1518,1532 1518,1498 1472,1495 1468,1490 1445,1490 1444,1495 1438,1495"/>
          <TextEquiv conf="0.9180039">
            <Unicode>molieba-</Unicode>
          </TextEquiv>
        </Word>
        <TextEquiv conf="0.8750073">
          <Unicode>praeſertim emendationem, quam molieba-</Unicode>
        </TextEquiv>
      </TextLine>
      <TextLine id="region0012_line0005" custom="readingOrder {index:4;}">
        <Coords points="1421,1538 1406,1541 1403,1546 1392,1547 1382,1540 1374,1540 1366,1542 1362,1548 1339,1547 1337,1542 1331,1540 1322,1540 1314,1544 1308,1541 1289,1540 1281,1546 1245,1549 1232,1553 1219,1546 1184,1551 1128,1551 1096,1547 1085,1542 1030,1546 1007,1552 962,1552 959,1546 951,1543 929,1546 926,1552 888,1552 886,1546 878,1543 864,1546 862,1552 846,1553 826,1552 817,1545 723,1546 693,1551 632,1552 632,1592 633,1595 703,1595 709,1602 721,1603 728,1596 902,1595 935,1598 964,1597 970,1594 990,1597 1061,1595 1177,1596 1188,1593 1196,1604 1199,1604 1214,1595 1245,1593 1316,1594 1322,1591 1425,1592 1459,1597 1464,1593 1526,1592 1526,1550 1526,1547 1455,1546 1453,1541 1445,1538"/>
        <Word id="region0012_line0005_word0000" custom="readingOrder {index:0;}">
          <Coords points="641,1551 641,1589 720,1590 720,1552 670,1551"/>
          <TextEquiv conf="0.9322627">
            <Unicode>tur,</Unicode>
          </TextEquiv>
        </Word>
        <Word id="region0012_line0005_word0001" custom="readingOrder {index:1;}">
          <Coords points="817,1545 799,1545 750,1546 750,1586 1015,1587 1015,1550 1007,1552 962,1552 959,1546 958,1546 931,1546 929,1546 926,1552 888,1552 886,1546 885,1546 867,1545 864,1546 862,1552 846,1553 826,1552"/>
          <TextEquiv conf="0.91922903">
            <Unicode>Colonienſem.</Unicode>
          </TextEquiv>
        </Word>
        <Word id="region0012_line0005_word0002" custom="readingOrder {index:2;}">
          <Coords points="1093,1546 1064,1546 1064,1595 1177,1596 1188,1593 1190,1597 1210,1597 1214,1595 1245,1593 1271,1593 1271,1546 1245,1549 1232,1553 1219,1546 1184,1551 1128,1551 1096,1547"/>
          <TextEquiv conf="0.8073396">
            <Unicode>Praeceptor</Unicode>
          </TextEquiv>
        </Word>
        <Word id="region0012_line0005_word0003" custom="readingOrder {index:3;}">
          <Coords points="1338,1545 1286,1545 1286,1590 1515,1591 1515,1547 1455,1546 1455,1546 1403,1546 1403,1546 1392,1547 1390,1545 1364,1545 1362,1548 1339,1547"/>
          <TextEquiv conf="0.746354">
            <Unicode>ſcholaſticus</Unicode>
          </TextEquiv>
        </Word>
        <TextEquiv conf="0.85129637">
          <Unicode>tur, Colonienſem. Praeceptor ſcholaſticus</Unicode>
        </TextEquiv>
      </TextLine>
      <TextLine id="region0012_line0006" custom="readingOrder {index:5;}">
        <Coords points="1322,1592 1315,1595 1311,1601 1208,1601 1199,1605 1196,1605 1188,1594 1164,1601 1087,1600 989,1603 988,1598 984,1596 970,1595 963,1598 962,1604 908,1604 907,1599 902,1596 887,1596 882,1604 806,1602 790,1597 776,1597 770,1602 750,1604 633,1603 632,1646 788,1648 806,1645 843,1648 949,1648 1161,1644 1230,1646 1292,1645 1298,1642 1317,1645 1323,1642 1348,1644 1361,1641 1379,1644 1385,1651 1398,1652 1406,1649 1408,1643 1421,1640 1449,1642 1462,1639 1503,1638 1509,1643 1526,1643 1526,1612 1526,1597 1348,1600 1341,1592"/>
        <Word id="region0012_line0006_word0000" custom="readingOrder {index:0;}">
          <Coords points="640,1605 693,1605 692,1630 639,1630"/>
          <TextEquiv conf="0.9325373">
            <Unicode>res</Unicode>
          </TextEquiv>
        </Word>
        <Word id="region0012_line0006_word0001" custom="readingOrder {index:1;}">
          <Coords points="710,1603 710,1631 827,1632 827,1602 806,1602 790,1597 776,1597 770,1602 750,1604"/>
          <TextEquiv conf="0.9236662">
            <Unicode>multo</Unicode>
          </TextEquiv>
        </Word>
        <Word id="region0012_line0006_word0002" custom="readingOrder {index:2;}">
          <Coords points="848,1603 848,1633 997,1633 997,1602 989,1603 988,1598 984,1596 970,1595 963,1598 962,1604 908,1604 907,1599 902,1596 887,1596 882,1604"/>
          <TextEquiv conf="0.9141661">
            <Unicode>minoris</Unicode>
          </TextEquiv>
        </Word>
        <Word id="region0012_line0006_word0003" custom="readingOrder {index:3;}">
          <Coords points="1190,1597 1177,1597 1164,1601 1087,1600 1017,1602 1017,1635 1192,1635 1192,1600"/>
          <TextEquiv conf="0.6971476">
            <Unicode>momenti</Unicode>
          </TextEquiv>
        </Word>
        <Word id="region0012_line0006_word0004" custom="readingOrder {index:4;}">
          <Coords points="1224,1608 1301,1608 1300,1634 1223,1634"/>
          <TextEquiv conf="0.9621312">
            <Unicode>non</Unicode>
          </TextEquiv>
        </Word>
        <Word id="region0012_line0006_word0005" custom="readingOrder {index:5;}">
          <Coords points="1345,1597 1316,1597 1315,1644 1317,1645 1323,1642 1348,1644 1361,1641 1379,1644 1379,1645 1407,1645 1408,1643 1421,1640 1449,1642 1451,1641 1451,1598 1348,1600"/>
          <TextEquiv conf="0.9574545">
            <Unicode>ſemper</Unicode>
          </TextEquiv>
        </Word>
        <Word id="region0012_line0006_word0006" custom="readingOrder {index:6;}">
          <Coords points="1471,1608 1516,1608 1515,1634 1470,1634"/>
          <TextEquiv conf="0.86826134">
            <Unicode>ex</Unicode>
          </TextEquiv>
        </Word>
        <TextEquiv conf="0.8936235">
          <Unicode>res multo minoris momenti non ſemper ex</Unicode>
        </TextEquiv>
      </TextLine>
      <TextLine id="region0012_line0007" custom="readingOrder {index:6;}">
        <Coords points="1491,1639 1462,1640 1455,1642 1450,1649 1439,1649 1437,1643 1421,1641 1411,1644 1409,1650 1398,1653 1372,1651 1361,1642 1349,1644 1346,1651 1341,1651 1336,1644 1323,1643 1315,1647 1310,1644 1298,1643 1291,1646 1290,1651 1191,1654 1187,1654 1185,1649 1178,1645 1157,1646 1149,1653 1110,1654 1082,1654 1078,1651 1047,1654 1042,1650 1034,1650 1027,1654 980,1654 976,1648 961,1647 954,1649 950,1654 933,1655 881,1649 820,1652 810,1650 806,1646 791,1647 787,1649 786,1654 757,1656 703,1654 698,1650 689,1650 684,1654 632,1654 633,1695 742,1700 759,1702 767,1709 789,1708 797,1703 822,1700 829,1706 836,1707 842,1706 848,1699 882,1699 902,1695 922,1698 1204,1698 1206,1703 1216,1706 1224,1705 1232,1698 1268,1695 1350,1696 1366,1692 1437,1695 1460,1692 1466,1696 1505,1700 1527,1699 1526,1652 1509,1651 1505,1640"/>
        <Word id="region0012_line0007_word0000" custom="readingOrder {index:0;}">
          <Coords points="698,1650 688,1650 684,1654 639,1654 639,1679 725,1680 725,1654 703,1654"/>
          <TextEquiv conf="0.91852456">
            <Unicode>voto</Unicode>
          </TextEquiv>
        </Word>
        <Word id="region0012_line0007_word0001" custom="readingOrder {index:1;}">
          <Coords points="747,1655 747,1694 840,1694 840,1651 820,1652 810,1650 806,1646 791,1647 787,1649 786,1654 757,1656"/>
          <TextEquiv conf="0.9245227">
            <Unicode>agit,</Unicode>
          </TextEquiv>
        </Word>
        <Word id="region0012_line0007_word0002" custom="readingOrder {index:2;}">
          <Coords points="889,1650 862,1650 862,1683 894,1683 894,1650"/>
          <TextEquiv conf="0.92633444">
            <Unicode>&amp;</Unicode>
          </TextEquiv>
        </Word>
        <Word id="region0012_line0007_word0003" custom="readingOrder {index:3;}">
          <Coords points="976,1648 956,1648 954,1649 950,1654 933,1655 914,1652 914,1683 1139,1684 1139,1653 1110,1654 1082,1654 1078,1651 1047,1654 1042,1650 1034,1650 1027,1654 980,1654"/>
          <TextEquiv conf="0.9134953">
            <Unicode>voluntatem</Unicode>
          </TextEquiv>
        </Word>
        <Word id="region0012_line0007_word0004" custom="readingOrder {index:4;}">
          <Coords points="1179,1646 1157,1646 1156,1646 1156,1695 1259,1695 1259,1651 1191,1654 1187,1654 1185,1649"/>
          <TextEquiv conf="0.9198734">
            <Unicode>ſaepe</Unicode>
          </TextEquiv>
        </Word>
        <Word id="region0012_line0007_word0005" custom="readingOrder {index:5;}">
          <Coords points="1314,1646 1290,1646 1290,1651 1272,1651 1272,1685 1371,1686 1371,1650 1367,1646 1347,1646 1346,1651 1341,1651 1337,1646 1316,1646 1315,1647"/>
          <TextEquiv conf="0.91105825">
            <Unicode>videt</Unicode>
          </TextEquiv>
        </Word>
        <Word id="region0012_line0007_word0006" custom="readingOrder {index:6;}">
          <Coords points="1437,1644 1411,1644 1409,1650 1398,1653 1387,1652 1387,1692 1413,1694 1444,1694 1460,1692 1463,1694 1514,1694 1514,1651 1509,1651 1506,1644 1453,1644 1450,1649 1439,1649"/>
          <TextEquiv>
            <Unicode>adeſſe,</Unicode>
          </TextEquiv>
        </Word>
        <TextEquiv>
          <Unicode>voto agit, &amp; voluntatem ſaepe videt adeſſe,</Unicode>
        </TextEquiv>
      </TextLine>
      <TextLine id="region0012_line0008" custom="readingOrder {index:7;}">
        <Coords points="1366,1693 1356,1696 1351,1701 1285,1703 1243,1703 1231,1700 1219,1707 1208,1704 1154,1704 1149,1699 1141,1699 1135,1705 971,1706 959,1697 942,1697 929,1704 920,1704 918,1698 902,1696 892,1699 887,1705 835,1708 814,1707 809,1703 803,1703 781,1710 682,1705 680,1698 662,1696 656,1704 633,1704 633,1747 721,1751 1040,1750 1046,1755 1055,1755 1062,1750 1132,1750 1138,1751 1141,1757 1164,1757 1167,1751 1255,1747 1527,1745 1527,1701 1466,1700 1460,1693 1448,1693 1436,1701 1397,1701 1382,1700 1376,1693"/>
        <Word id="region0012_line0008_word0000" custom="readingOrder {index:0;}">
          <Coords points="638,1704 638,1733 730,1734 730,1707 682,1705 680,1698 662,1696 656,1704"/>
          <TextEquiv conf="0.9279419">
            <Unicode>vires</Unicode>
          </TextEquiv>
        </Word>
        <Word id="region0012_line0008_word0001" custom="readingOrder {index:1;}">
          <Coords points="811,1705 796,1705 781,1710 750,1708 750,1735 869,1735 869,1706 835,1708 814,1707"/>
          <TextEquiv conf="0.9328888">
            <Unicode>autem</Unicode>
          </TextEquiv>
        </Word>
        <Word id="word_1651047090460_3602" custom="readingOrder {index:2;}">
          <Coords points="892,1699 898,1697 911,1697 959,1697 1080,1705 1080,1750 1061,1750 888,1740 888,1703"/>
          <TextEquiv>
            <Unicode>deficere;</Unicode>
          </TextEquiv>
        </Word>
        <Word id="region0012_line0008_word0004" custom="readingOrder {index:3;}">
          <Coords points="1152,1702 1138,1702 1135,1705 1088,1705 1088,1747 1210,1747 1210,1704 1208,1704 1154,1704"/>
          <TextEquiv conf="0.95980394">
            <Unicode>neque</Unicode>
          </TextEquiv>
        </Word>
        <Word id="region0012_line0008_word0005" custom="readingOrder {index:4;}">
          <Coords points="1229,1705 1348,1706 1348,1737 1229,1736"/>
          <TextEquiv conf="0.9631414">
            <Unicode>tamen</Unicode>
          </TextEquiv>
        </Word>
        <Word id="region0012_line0008_word0006" custom="readingOrder {index:5;}">
          <Coords points="1380,1698 1363,1698 1363,1738 1434,1738 1434,1701 1397,1701 1382,1700"/>
          <TextEquiv conf="0.9306775">
            <Unicode>hoc</Unicode>
          </TextEquiv>
        </Word>
        <Word id="region0012_line0008_word0007" custom="readingOrder {index:6;}">
          <Coords points="1464,1698 1448,1698 1448,1736 1513,1736 1513,1700 1466,1700"/>
          <TextEquiv conf="0.91828054">
            <Unicode>im-</Unicode>
          </TextEquiv>
        </Word>
        <TextEquiv>
          <Unicode>vires autem deficere; neque tamen hoc im-</Unicode>
        </TextEquiv>
      </TextLine>
      <TextLine id="region0013_line0001" custom="readingOrder {index:8;}">
        <Coords points="1422,1742 1417,1746 1415,1753 1361,1753 1355,1748 1346,1748 1340,1753 1303,1753 1293,1743 1277,1743 1270,1747 1233,1743 1227,1747 1225,1753 1213,1755 1198,1755 1189,1745 1177,1745 1169,1749 1163,1745 1155,1745 1143,1756 1016,1759 764,1758 733,1754 714,1755 710,1749 688,1749 686,1755 632,1755 632,1810 659,1809 680,1802 740,1804 745,1808 754,1808 759,1804 781,1804 789,1813 805,1813 812,1803 1063,1802 1068,1813 1087,1815 1092,1811 1094,1802 1445,1797 1494,1800 1501,1803 1515,1800 1515,1753 1442,1752 1435,1742"/>
        <Word id="region0013_line0001_word0000" custom="readingOrder {index:0;}">
          <Coords points="637,1755 637,1793 757,1794 757,1757 733,1754 714,1755 710,1749 688,1749 686,1755"/>
          <TextEquiv conf="0.9060289">
            <Unicode>pedit,</Unicode>
          </TextEquiv>
        </Word>
        <Word id="region0013_line0001_word0001" custom="readingOrder {index:1;}">
          <Coords points="779,1758 779,1796 855,1796 855,1758"/>
          <TextEquiv conf="0.9297522">
            <Unicode>quo</Unicode>
          </TextEquiv>
        </Word>
        <Word id="region0013_line0001_word0002" custom="readingOrder {index:2;}">
          <Coords points="872,1758 872,1786 997,1787 997,1758"/>
          <TextEquiv conf="0.9144457">
            <Unicode>minus</Unicode>
          </TextEquiv>
        </Word>
        <Word id="region0013_line0001_word0003" custom="readingOrder {index:3;}">
          <Coords points="1018,1759 1137,1759 1137,1800 1018,1800"/>
          <TextEquiv conf="0.9017331">
            <Unicode>aequo</Unicode>
          </TextEquiv>
        </Word>
        <Word id="region0013_line0001_word0004" custom="readingOrder {index:4;}">
          <Coords points="1167,1748 1153,1748 1153,1789 1252,1789 1252,1748 1226,1748 1225,1753 1213,1755 1198,1755 1191,1748 1171,1748 1169,1749"/>
          <TextEquiv conf="0.91411537">
            <Unicode>iſtud</Unicode>
          </TextEquiv>
        </Word>
        <Word id="region0013_line0001_word0005" custom="readingOrder {index:5;}">
          <Coords points="1299,1749 1268,1749 1268,1790 1360,1790 1360,1752 1356,1749 1344,1749 1340,1753 1303,1753"/>
          <TextEquiv conf="0.91411537">
            <Unicode>ferat</Unicode>
          </TextEquiv>
        </Word>
        <Word id="region0013_line0001_word0006" custom="readingOrder {index:6;}">
          <Coords points="1439,1748 1416,1748 1415,1753 1371,1753 1371,1793 1511,1793 1511,1752 1442,1752"/>
          <TextEquiv conf="0.9202635">
            <Unicode>animo,</Unicode>
          </TextEquiv>
        </Word>
        <TextEquiv conf="0.91435057">
          <Unicode>pedit, quo minus aequo iſtud ferat animo,</Unicode>
        </TextEquiv>
      </TextLine>
      <TextEquiv>
        <Unicode>HERMANNVS WIDA magnam prae&#13;
ſe ferebat patientiam, cum non poſſet cun-&#13;
cta, quae volebat, efiicere, &amp; ſacrorum&#13;
praeſertim emendationem, quam molieba-&#13;
tur, Colonienſem. Praeceptor ſcholaſticus&#13;
res multo minoris momenti non ſemper ex&#13;
voto agit, &amp; voluntatem ſaepe videt adeſſe,&#13;
vires autem deficere; neque tamen hoc im-&#13;
pedit, quo minus aequo iſtud ferat animo,</Unicode>
      </TextEquiv>
    </TextRegion>
  </Page>
</PcGts>
