2334 2742
1632 566 1693 614 35

364 640 501 676 relinqui
521 649 619 675 posse
640 638 790 675 asseruit;
817 635 873 669 sed
892 645 1062 681 praeeunte
1084 640 1302 684 Schultingio,
1318 641 1381 685 ⁶⁴)
1396 643 1509 687 Cajum
1531 651 1574 681 ita
1586 656 1682 691 scrip-

364 715 445 734 sisse
461 711 515 732 vix
536 712 717 744 opinamur,
742 707 806 733 imo
818 701 942 744 potius,
967 712 1027 736 ceu
1044 714 1169 748 quoque
1192 709 1288 741 sentit
1307 718 1326 740 a
1343 711 1439 743 Costa
1457 704 1525 755 ⁶⁵)
1543 712 1681 755 Aniano,

362 778 418 806 qui
439 780 561 806 passim
580 781 717 800 mentem
737 780 770 800 et
793 768 885 800 verba
907 768 974 811 Caji
998 772 1165 814 pervertit,
1207 774 1355 805 mendum
1378 774 1476 806 hocce
1498 778 1678 814 tribuimus.

360 855 456 890 Hanc
483 857 519 887 ob
550 851 676 883 causam
708 848 851 873 Oiselius
877 835 913 860 in
943 833 1080 863 editione
1106 843 1163 863 sua
1194 833 1287 866 verba
1312 833 1346 865 et
1373 828 1518 869 alienam
1546 848 1675 881 penitus

362 925 488 967 delevit.

393 1006 572 1032 Quum
587 1007 664 1026 vero
682 995 813 1027 subinde
837 994 899 1029 ista
919 995 1087 1031 verborum
1106 996 1288 1033 solemnitas
1315 999 1392 1043 ipsis
1423 1000 1503 1033 adeo
1539 1009 1676 1046 pruden-

359 1079 444 1120 tibus
457 1071 624 1099 displicere
642 1063 817 1102 coepisset,
845 1063 902 1096 sub
917 1064 1042 1097 Nerone
1059 1065 1160 1105 SCto,
1184 1065 1272 1107 cujus
1289 1068 1472 1100 memoriam
1493 1070 1582 1102 nobis
1601 1084 1672 1108 con-

360 1134 497 1184 servavit
515 1134 669 1166 Ulpianus
694 1127 757 1168 ⁶⁶)
776 1128 819 1166 id,
845 1130 884 1159 ut
906 1123 999 1171 quod
1020 1124 1129 1162 minus
1150 1125 1265 1175 pactis
1289 1131 1319 1163 h.
1345 1142 1373 1163 e.
1395 1131 1500 1163 minus
1524 1143 1671 1171 accurate

357 1203 538 1228 compositis
562 1192 671 1224 verbis
688 1190 837 1235 legatum
852 1194 918 1232 est,
933 1188 1076 1239 perinde
1089 1191 1155 1235 sit,
1181 1203 1222 1229 ac
1241 1193 1273 1228 si
1291 1193 1419 1241 optimo
1422 1195 1506 1242 jure
1520 1193 1670 1243 legatum

355 1270 457 1315 esset,
480 1273 606 1307 cautum
625 1273 699 1306 esse
721 1263 876 1303 novimus.
930 1260 1143 1293 Constitutum
1167 1259 1271 1302 itaque
1295 1262 1355 1295 fuit
1373 1262 1456 1295 SCto
1475 1265 1669 1309 Neroniano,

355 1344 393 1380 ut
417 1344 497 1385 quae
521 1336 665 1366 neglecta
686 1334 873 1364 verborum,
894 1338 986 1368 quam
1005 1328 1087 1369 juris
1106 1328 1209 1362 civilis
1233 1330 1317 1373 rigor
1337 1331 1414 1364 olim
1429 1332 1551 1367 fortiter
1569 1336 1668 1372 tuitus

354 1408 473 1451 fuerat,
498 1405 687 1442 solennitate
701 1408 757 1429 aut
770 1400 842 1423 aliis
857 1398 1018 1432 formulis,
1042 1402 1134 1436 quam
1151 1404 1229 1437 quae
1244 1395 1346 1429 cuivis
1363 1396 1540 1439 legatorum
1556 1404 1667 1442 generi

354 1473 576 1514 convenirent,
605 1470 712 1489 relicta
738 1475 863 1496 essent,
890 1464 1018 1498 perinde
1040 1462 1243 1501 haberentur,
1272 1470 1310 1495 ac
1335 1462 1363 1493 si
1387 1463 1506 1504 optimo
1527 1466 1600 1508 jure
1622 1468 1664 1502 le-

350 1546 425 1584 gata
439 1542 569 1582 essent:
592 1531 752 1565 optimum
772 1532 883 1555 autem
898 1527 975 1566 jus,
1003 1524 1088 1557 addit
1111 1525 1287 1569 Ulpianus,
1311 1519 1418 1571 legati
1439 1535 1502 1572 per
1522 1522 1663 1569 damna-

352 1604 474 1625 tionem
483 1606 555 1632 est:
577 1599 658 1626 unde
675 1599 837 1626 Neronem
856 1598 893 1625 de
909 1598 1014 1636 legato
1029 1604 1155 1638 quoque
1170 1598 1216 1628 rei
1231 1598 1369 1636 alienae,
1394 1599 1480 1640 quod
1496 1603 1548 1634 vel
1564 1605 1662 1638 vindi-

352 1677 444 1689 candi
459 1676 508 1691 vel
528 1670 651 1691 sinendi
669 1666 762 1691 modo
779 1665 926 1695 relictum
939 1668 1010 1694 ante
1026 1670 1101 1695 eum
1114 1662 1237 1697 irritum
1253 1664 1365 1704 fuerat,
1390 1665 1553 1709 cogitasse
1570 1669 1663 1705 inter-

352 1751 455 1772 pretes
473 1743 637 1772 colligunt.
683 1732 809 1773 Optimi
826 1738 933 1767 autem
947 1733 1026 1778 juris
1042 1732 1283 1778 adpellationem
1301 1739 1466 1779 propterea
1482 1739 1663 1778 adhibuisse

353 1809 474 1852 videtur
492 1809 667 1837 Ulpianus,
692 1811 757 1834 quo
772 1801 874 1835 magis
885 1799 939 1836 jus
955 1801 1059 1831 laxius
1075 1805 1108 1830 et
1123 1798 1300 1843 expeditius
1346 1800 1380 1846 ⁶⁷)
1409 1813 1429 1834 a
1446 1801 1572 1837 Nerone
1588 1817 1661 1841 con-

353 1887 498 1925 stitutum
513 1874 714 1908 significaret.
762 1868 888 1902 Etenim
910 1868 1118 1904 damnationis
1141 1869 1291 1915 legatum,
1317 1880 1380 1913 quo
1399 1882 1511 1906 omnes
1529 1878 1661 1913 omnino

348 1970 404 1988 res
419 1946 607 1992 commercio
624 1948 692 1973 non
711 1942 861 1979 exemtas
873 1937 980 1981 legare
998 1935 1108 1975 licuit,
1134 1935 1244 1980 majori
1260 1947 1333 1979 prae
1350 1938 1466 1971 ceteris
1477 1940 1661 1984 legatorum

349 2020 518 2056 generibus
540 2017 571 2055 in
586 2023 657 2051 jure
675 2008 781 2032 favore
802 2011 896 2036 usum
912 2004 1033 2045 fuisse,
1059 2003 1130 2045 quis
1154 2009 1206 2037 est
1232 2006 1287 2047 qui
1311 2007 1457 2042 nesciat?
1491 2011 1567 2044 Noli
1585 2025 1661 2048 vero

349 2092 458 2108 putare
481 2092 537 2110 per
557 2073 618 2103 hoc
643 2072 759 2105 SCtum
783 2079 893 2111 omne,
920 2072 1004 2114 quod
1029 2072 1131 2107 varias
1154 2073 1282 2118 legandi
1298 2076 1449 2111 formulas
1470 2077 1662 2126 intercessit,

348 2153 518 2170 discrimen
535 2148 663 2180 penitus
688 2140 846 2172 sublatum
875 2145 930 2173 aut
954 2149 1053 2173 unum
1078 2142 1119 2174 iis
1145 2141 1279 2186 singulis
1311 2143 1363 2187 jus
1390 2148 1665 2184 accommodatum

1570 2247 1664 2278 esse;

390 2328 442 2363 64)
467 2327 495 2353 in
509 2321 663 2362 jurisprud.
677 2322 808 2361 antejust.
823 2326 858 2357 ad
874 2325 921 2358 dat
942 2327 1003 2366 Caji
1022 2329 1076 2361 loc.
1091 2338 1119 2367 p.
1135 2336 1174 2363 m,
1199 2335 1263 2359 120.

393 2402 450 2434 65)
473 2397 502 2423 in
516 2397 702 2427 Commentar.
719 2395 753 2424 ad
768 2397 858 2429 Instit.
876 2405 913 2426 ex
931 2397 999 2429 edit.
1015 2399 1119 2428 noviss.
1143 2407 1170 2437 p.
1188 2404 1255 2436 297.

391 2474 447 2515 66)
471 2477 500 2505 in
516 2473 663 2511 fragment.
681 2477 721 2505 tit.
740 2483 788 2517 24.
803 2476 838 2505 de
851 2477 926 2514 legat
948 2478 976 2516 §.
995 2485 1043 2509 II.

390 2536 445 2572 67)
469 2547 615 2573 Schulting
633 2547 661 2567 in
675 2541 830 2576 jurisprud.
847 2539 934 2578 antej.
950 2542 984 2572 ad
1000 2542 1056 2574 dat.
1072 2543 1190 2582 Ulpiani
1206 2546 1296 2576 locum
1313 2554 1340 2582 p.
1354 2555 1389 2575 m.
1407 2546 1478 2582 652.
