1461 2106
478 362 523 394 20

628 354 769 394 VLR.
769 354 869 394 DE
869 354 1158 394 HVTTEN

484 425 651 478 exiguum
671 425 749 477 eſt,
765 428 808 468 &
808 428 945 471 tenue:
973 429 1043 480 ſit,
1064 440 1109 472 vt
1125 431 1295 487 amplis-

481 474 634 528 ſimum
642 484 688 526 ſit
695 485 739 526 &
749 485 924 543 pingue;
933 499 1083 543 magna
1094 502 1203 540 cura,
1225 503 1294 531 ma-

478 548 567 592 gno
567 549 699 594 opere
718 544 926 597 quæritur.
985 546 1099 588 Nam
1101 547 1291 601 patresfa-

478 599 599 642 milias
605 595 683 639 eſſe
693 606 858 653 oportet
867 612 944 643 nos
954 600 1290 660 diligentiſſimos;

479 651 628 696 deinde
638 657 816 707 Principis
826 653 993 698 alicuius
998 660 1211 711 famulatui
1220 657 1290 702 ad-

477 710 628 761 diƈtos,
649 724 672 750 a
688 721 772 767 quo
781 717 946 753 tuitionis
945 716 1027 768 ſpes
1035 713 1288 772 dependeat:

475 769 549 810 niſi
566 768 703 818 fuero,
715 782 865 814 omnes
872 770 942 815 ſibi
951 776 995 815 in
1011 786 1082 817 me
1091 776 1232 818 omnia
1243 776 1288 818 li-

474 838 566 870 cere
576 833 746 881 putant:
761 825 804 884 ſi
813 824 932 871 fuero
942 828 1080 881 etiam,
1096 833 1212 871 mixta
1221 830 1287 874 illa

462 885 649 933 periculo,
690 885 730 923 &
744 883 983 940 quotidiano
1000 897 1101 927 metu
1121 890 1196 940 ſpes
1215 888 1286 934 eſt.

469 951 647 996 nempe,
671 939 701 982 ſi
712 939 877 997 quando
888 943 1071 998 egrediar
1079 945 1221 999 domo,
1238 949 1285 990 in

469 1006 541 1039 eos
553 1012 605 1039 ne
615 997 807 1051 incidam,
827 999 1077 1058 quibuscum
1092 1002 1160 1055 illi,
1172 1004 1284 1061 quis-

469 1056 562 1111 quis
583 1070 627 1100 es
644 1059 860 1115 Princeps,
888 1062 1108 1115 negotium
1123 1062 1191 1113 ſit,
1212 1072 1284 1106 aut

467 1111 626 1157 bellum
636 1112 705 1163 ſit,
716 1125 801 1169 quo
810 1127 879 1156 me
889 1117 1062 1160 nomine
1071 1116 1282 1171 inuadant,

468 1172 509 1211 &
517 1164 730 1225 abripiant.
766 1173 880 1225 quod
893 1173 924 1214 ſi
932 1174 1038 1217 mala
1046 1187 1142 1219 mea
1150 1174 1282 1219 fortu-

465 1238 520 1267 na
536 1229 769 1284 contingat,
795 1228 1017 1276 dimidium
1033 1230 1147 1276 facile
1157 1235 1282 1290 patri-

464 1285 597 1325 monii
606 1282 799 1328 adimitur
809 1286 852 1329 in
859 1284 1211 1343 redemptionem:
1222 1288 1284 1339 at-

462 1352 544 1396 que
559 1343 625 1391 ita,
634 1342 745 1386 vnde
754 1344 989 1399 defenſionem
1001 1346 1276 1401 ſperaueram,

460 1399 596 1449 offenſio
609 1394 824 1443 incumbit.
870 1390 1047 1446 Proinde
1055 1400 1169 1445 hunc
1177 1403 1219 1445 in
1229 1416 1277 1443 v-

458 1460 548 1502 ſum
566 1472 697 1515 equos
714 1461 885 1514 alimus,
914 1465 956 1505 &
973 1476 1089 1509 arma
1105 1477 1275 1521 compa-

457 1525 620 1567 ramus;
631 1518 852 1561 numeroſo
863 1521 1058 1564 comitatu
1066 1521 1275 1577 ſtipamur-

458 1572 618 1623 magnis
628 1581 673 1610 ac
681 1569 923 1628 grauiſſimis
933 1575 1006 1632 per
1016 1578 1156 1620 omnia
1166 1576 1282 1620 ſum-

455 1628 606 1682 ptibus.
646 1639 785 1684 neque
810 1627 980 1686 vſquam
994 1633 1062 1676 vel
1086 1631 1271 1678 duorum

454 1692 648 1737 iugerum
660 1687 806 1728 itinere
829 1686 903 1728 niſi
920 1690 1059 1728 armati
1076 1688 1270 1746 exſpatia-

454 1752 564 1787 mur.
588 1742 746 1788 nullam
758 1745 851 1791 licet
859 1744 1000 1793 villam
1010 1749 1161 1794 inermi
1169 1749 1270 1797 viſe-

1221 1810 1270 1851 re
