2800 2983
678 290 1374 336 PRAELIMINARIS.

1750 290 1819 338 XI

240 373 409 407 temeritas
418 374 451 407 in
462 370 666 416 excuſando,
691 382 723 407 et
730 371 828 420 plura
840 373 898 408 alia
914 373 1106 409 huiusmodi
1115 376 1200 409 vitia.
1277 376 1461 410 Enimuero
1472 376 1504 409 in
1514 375 1630 409 Veteri
1642 384 1675 409 et
1686 372 1810 409 recenti

241 425 405 466 Hiſtoria,
415 436 511 471 quam
522 423 693 465 habemus,
705 437 818 460 rarum
827 425 890 461 eſſe
899 427 931 461 id
942 425 1084 462 ſtudium
1097 425 1260 473 partium,
1273 438 1372 460 nemo
1381 424 1474 461 facile
1485 426 1614 463 dixerit.
1666 427 1811 462 Videan-

241 481 298 507 tur
306 472 357 507 vel
367 470 434 508 ſola
444 465 526 508 Acta
539 470 843 507 controuerſiarum
850 474 978 509 Veteris
986 472 1156 515 Eccleſiae,
1170 474 1312 507 maxime
1319 472 1455 508 labentis
1466 485 1497 507 et
1506 471 1731 516 decreſcentis,
1740 476 1809 507 ani-

239 536 298 561 mo
309 523 433 559 ſincero
445 536 476 559 et
489 527 633 560 veritatis
648 524 772 567 ſtudio,
794 535 827 558 et
836 535 1013 560 occurrent
1021 523 1092 560 ſane
1101 523 1260 573 exempla,
1271 522 1304 573 ad
1315 537 1397 571 quae
1406 524 1684 573 obſtupeſcamus.
1733 530 1805 562 Ne-

243 587 311 622 que
321 574 470 624 idipſum
470 580 489 619 a
499 576 640 612 cordatis
655 588 687 612 et
699 579 833 613 eruditis
851 580 928 613 Viris
939 576 1033 614 facile
1047 576 1229 623 negabitur.
1293 579 1364 613 Soli
1379 573 1512 628 Papiſtae
1529 578 1703 622 rigidiores
1715 589 1745 612 et
1756 580 1805 612 in-

243 637 294 661 ter
310 627 372 661 hos
382 627 528 662 Curiales
542 628 696 668 Romani,
707 626 856 673 occupati
871 627 1073 673 praeiudicio
1092 628 1283 672 integritatis
1295 639 1327 663 et
1340 627 1582 664 infallibilitatis
1599 628 1757 663 Eccleſiae
1773 639 1807 663 et

241 677 441 713 Pontificum
452 674 600 718 ſuorum,
609 675 648 710 ad
657 674 856 724 palpabilem
866 677 949 711 hanc
957 678 1124 713 veritatem
1142 678 1333 717 offendunt,
1348 688 1380 711 et
1389 675 1473 722 geſta
1488 678 1587 724 partis
1604 677 1806 712 dominantis

241 726 281 762 ab
290 737 389 761 aetate
400 726 589 776 Apoſtolica
597 730 632 763 in
642 728 734 762 hunc
743 738 846 775 vsque
855 726 942 762 diem
953 727 1083 764 nonniſi
1096 729 1225 772 diuina,
1243 727 1362 770 ſancta,
1387 728 1483 772 iuſta,
1509 729 1656 773 legitima
1670 740 1702 763 et
1717 727 1804 763 recta

241 763 339 808 fuiſſe
347 772 500 813 clamant,
516 771 637 805 etiamſi
646 773 847 806 contrarium
858 771 893 806 ſit
904 770 974 821 ipſo
983 773 1059 807 Sole
1068 773 1185 806 clarius,
1215 781 1246 805 et
1253 772 1414 818 plurima,
1423 783 1504 817 quae
1513 775 1548 805 in
1559 774 1687 806 caelum
1698 784 1802 817 vsque

242 830 279 864 hi
292 829 424 864 Zelotae
435 827 615 870 extollunt,
646 826 775 863 nonniſi
784 826 956 864 infernum
970 827 1034 863 ſuis
1044 828 1228 864 Autoribus
1238 828 1454 876 promeruiſſe
1462 830 1600 864 rationes
1616 829 1737 864 multae
1750 828 1800 864 fa-

242 879 328 912 ciant
337 877 519 914 veriſimile.
568 877 787 914 Intolerabilis
797 877 868 914 ſane
881 890 919 912 ex
929 878 995 913 hoc
1007 878 1102 913 titulo
1115 888 1214 926 typus
1223 879 1268 914 eſt
1277 879 1441 915 Hiſtoriae
1449 879 1696 920 Eccleſiaſticae,
1720 889 1799 924 qua-

241 927 309 962 lem
320 926 546 975 expreſſerunt
552 937 585 962 et
596 927 724 974 antiqui
733 936 769 962 et
769 936 916 962 recentes
923 929 1048 963 Romae
1057 924 1159 968 ſerui,
1178 939 1324 974 quorum
1338 929 1483 976 proinde
1491 928 1686 965 documenta,
1713 929 1797 965 teſti-

241 979 355 1013 monia,
387 976 533 1019 labores,
548 975 776 1025 paraphraſes,
792 977 1000 1023 allegationes
1009 988 1065 1012 etc.
1079 989 1252 1025 nunquam
1260 977 1327 1013 ſine
1335 976 1632 1026 circumſpectione
1641 989 1673 1013 et
1680 980 1798 1013 exami-

240 1040 283 1064 ne
295 1026 459 1077 ſuſcipere
467 1029 500 1062 et
506 1027 662 1076 vſurpare
668 1029 833 1073 integrum
844 1027 899 1064 eſt.
952 1030 1046 1077 Quos
1060 1030 1144 1077 Papa
1153 1040 1220 1063 non
1232 1029 1332 1076 capit,
1345 1040 1402 1062 eos
1411 1029 1553 1077 captiuat
1562 1029 1718 1073 Ecceleſia,
1743 1042 1799 1064 cu-

240 1078 312 1121 ius,
322 1080 534 1126 quantumuis
543 1086 733 1127 corruptae,
742 1079 904 1123 infidelis,
914 1091 948 1116 et
948 1091 970 1117 a
978 1081 1109 1116 Chriſto
1119 1082 1259 1127 eiusque
1267 1081 1394 1128 Spiritu
1405 1081 1633 1122 adulterantis,
1644 1081 1799 1115 autoritas

241 1129 340 1163 etiam
348 1127 445 1163 bonis
458 1141 497 1163 ex
511 1129 574 1164 illis
588 1128 736 1164 coetibus
745 1140 867 1163 temere
876 1127 1046 1177 perſuaſit,
1061 1131 1150 1165 illam
1160 1142 1229 1164 non
1237 1128 1375 1178 potuiſſe
1387 1141 1510 1171 errare,
1520 1139 1551 1162 et
1562 1141 1577 1162 a
1587 1130 1715 1176 Spiritu
1725 1132 1800 1163 San-

241 1179 297 1216 cto
309 1178 460 1216 edoctam
472 1178 670 1226 ductamque
680 1175 809 1227 ſemper
817 1178 913 1214 fuiſſe
926 1182 961 1215 in
972 1192 1107 1215 omnem
1116 1181 1294 1215 veritatem.
1347 1182 1401 1217 Iſti
1412 1184 1485 1217 Viri
1494 1194 1531 1216 ex
1541 1182 1606 1215 hoc
1614 1179 1718 1215 ſtudio
1727 1191 1803 1228 par-

240 1229 344 1270 tium,
358 1229 455 1274 quale
464 1227 709 1277 deſcripſimus,
728 1228 896 1263 articulum
911 1228 998 1276 quaſi
1006 1229 1082 1266 fidei
1090 1230 1234 1270 cudunt,
1251 1239 1282 1263 et
1290 1239 1421 1275 putant,
1435 1227 1466 1264 ſe
1474 1230 1653 1264 haereticos
1663 1227 1744 1270 fieri,
1755 1230 1801 1264 ni-

241 1279 265 1315 ſi
279 1279 462 1328 probarent
473 1293 507 1314 ac
521 1278 739 1316 defenderent
746 1279 828 1316 facta
843 1292 876 1316 et
885 1278 995 1316 ſtatuta
1005 1282 1140 1327 quaeuis
1149 1280 1309 1317 Eccleſiae
1319 1280 1531 1320 dominantis,
1549 1289 1799 1326 quantacunque

242 1329 341 1362 etiam
350 1337 476 1362 tortura
485 1327 522 1362 ſit
532 1326 704 1363 inferenda
713 1329 856 1370 veritati;
881 1339 984 1375 vsque
991 1327 1092 1371 adeo,
1116 1338 1152 1362 vt
1168 1328 1202 1362 in
1217 1329 1418 1376 principium
1432 1339 1465 1363 et
1479 1327 1671 1363 ſententiam
1681 1327 1797 1364 funda-

241 1379 419 1415 mentalem
432 1379 545 1414 abierit
553 1379 633 1414 haec
644 1379 776 1424 regula;
803 1381 874 1415 Hoc
881 1380 943 1429 ipſo
953 1381 1092 1421 indicio,
1104 1381 1191 1428 quod
1199 1381 1345 1416 decreuit
1352 1382 1481 1428 aliquid
1489 1381 1636 1426 Eccleſia,
1646 1379 1794 1427 conſtare,

241 1432 315 1464 iure
323 1430 358 1463 id
366 1430 463 1478 ipſam
469 1428 597 1478 potuiſſe
605 1431 783 1464 decernere.
835 1431 943 1478 Quam
950 1428 1125 1475 iniuſtum,
1140 1428 1338 1474 abſurdum,
1365 1429 1481 1466 falſum
1495 1442 1526 1465 et
1535 1430 1721 1466 anomalum
1740 1430 1796 1471 ſit,

241 1479 335 1526 quod
344 1480 429 1514 haud
439 1492 512 1515 raro
519 1483 553 1515 in
564 1479 699 1516 Eccleſia
707 1479 759 1515 vel
767 1491 829 1528 per
836 1483 949 1521 tricas,
968 1478 1023 1514 vel
1031 1491 1091 1527 per
1099 1482 1166 1515 vim
1175 1479 1301 1525 geſtum
1312 1480 1373 1520 eſt,
1394 1480 1579 1516 dummodo
1599 1481 1712 1517 vicerit
1729 1492 1796 1515 ma-

238 1530 331 1566 Ium,
344 1527 544 1578 ſuperauerit
552 1541 664 1572 error,
675 1541 693 1563 a
700 1528 893 1579 poſteriori,
905 1531 1052 1576 (egregio,
1079 1528 1200 1574 fateor,
1211 1531 1494 1568 demonſtrationis
1504 1529 1719 1579 compendio)
1727 1542 1794 1578 pro

239 1591 332 1614 certo
342 1591 374 1615 et
382 1581 550 1617 infallibili
557 1579 743 1619 aſſumitur,
760 1589 994 1627 quamcunque
1002 1577 1147 1628 ſpeciem
1155 1579 1295 1616 habeant
1304 1580 1385 1616 Acta
1394 1591 1426 1615 et
1433 1580 1646 1619 documenta,
1663 1591 1793 1615 contra-

238 1629 328 1663 rium
337 1638 446 1663 tamen
453 1628 657 1663 credendum
666 1627 748 1672 eſſe,
766 1641 836 1664 non
845 1630 933 1663 enim
943 1629 1167 1673 decreturam,
1193 1629 1368 1671 facturam,
1392 1628 1603 1676 probaturam
1616 1629 1712 1665 fuiſſe
1724 1631 1794 1666 hoc

239 1682 293 1718 vel
303 1682 384 1718 illud
392 1680 593 1717 Eccleſiam,
598 1679 621 1715 ſi
629 1680 754 1716 malum
764 1680 844 1717 eſſet
844 1684 901 1717 aut
913 1679 1041 1718 falſum.
1093 1682 1161 1729 Qui
1170 1691 1314 1716 maturos
1326 1692 1357 1716 et
1367 1682 1480 1717 vberes
1490 1681 1618 1718 fructus
1631 1682 1731 1716 huius
1744 1694 1795 1715 ra-

240 1731 321 1765 dicis
333 1727 477 1779 ſpectare
486 1730 595 1777 cupit,
615 1729 670 1763 vel
685 1730 780 1764 vnius
792 1741 972 1765 BARONII
988 1728 1133 1766 conſulat
1152 1731 1304 1772 Annales,
1329 1740 1361 1764 et
1368 1730 1526 1779 principia
1534 1730 1621 1766 iſtius
1633 1731 1795 1767 Hiſtorici

239 1780 495 1817 fundamentalia
506 1783 540 1816 in
549 1778 714 1817 ſcribenda
724 1781 869 1818 Hiſtoria
877 1782 1048 1817 examinet.
1098 1780 1295 1818 Obſeruabit
1304 1792 1389 1817 certe
1398 1784 1571 1823 attonitus,
1586 1791 1710 1827 quanto
1721 1791 1799 1814 cum

241 1826 417 1876 ſupercilio
431 1841 500 1863 non
509 1829 687 1863 haereticos
701 1826 827 1871 ſolum,
854 1826 906 1863 ſed
915 1829 1053 1876 quosuis
1066 1839 1256 1865 contemnat
1271 1830 1471 1871 diſſidentes;
1495 1840 1595 1876 quam
1611 1830 1802 1866 incredibili

240 1875 484 1926 praeſumtione
492 1878 613 1926 vbique
620 1888 774 1925 tanquam
782 1888 909 1912 certum
919 1875 1102 1926 ſupponat,
1122 1879 1299 1916 Pontifices
1307 1882 1477 1915 Romanos
1484 1891 1562 1914 cum
1575 1879 1802 1915 inſtrumentis

240 1928 305 1966 ſuis
314 1925 424 1963 feciſſe
434 1930 546 1962 omnia
553 1925 725 1963 rectiſſime,
750 1938 783 1962 et
789 1925 882 1962 ſimul
891 1928 1013 1963 reiiciat
1020 1941 1035 1961 a
1044 1927 1234 1962 teſtimonio
1243 1926 1335 1962 teſtes
1344 1939 1560 1974 quoscunque
1570 1929 1664 1962 etiam
1676 1928 1804 1963 validis-

242 1978 341 2013 ſimos
350 1984 383 2011 et
396 1977 561 2025 optimos,
581 1977 642 2012 hac
650 1974 717 2012 ſola
729 1976 873 2019 ratione,
894 1977 967 2023 quia
979 1977 1040 2027 ipſi
1055 1976 1242 2026 diſplicent;
1268 1988 1384 2024 quanta
1393 1978 1520 2012 licentia
1530 1974 1590 2011 ſuis
1601 1977 1802 2026 paraphraſi-

243 2029 324 2071 bus,
345 2026 564 2070 coniecturis,
592 2028 878 2064 declamationibus
888 2028 969 2065 facta
986 2041 1120 2076 quoque
1135 2029 1378 2065 inſolentiſſima
1391 2041 1422 2066 et
1436 2028 1630 2077 ineptiſſima
1645 2030 1758 2076 pingat
1770 2038 1802 2062 et

244 2088 343 2111 ornet,
374 2087 405 2109 et
414 2078 472 2122 qui
483 2078 581 2111 ceteri
590 2075 665 2111 ſunt
672 2069 842 2113 craſſiſſimi
852 2076 997 2126 partium
1006 2076 1102 2113 ſtudii
1115 2076 1294 2120 abortus,
1268 2077 1296 2126 in
1305 2075 1424 2124 quibus
1436 2076 1645 2111 excludendis
1654 2075 1801 2111 nonnul-

244 2131 269 2165 Ii
280 2140 357 2164 eum
371 2127 478 2163 adhuc
489 2129 638 2162 vicerunt
646 2127 722 2176 poſt
730 2127 794 2164 fata
804 2129 903 2164 illius.
954 2129 1089 2165 Vtinam
1099 2141 1180 2164 vero
1190 2130 1240 2164 his
1249 2128 1326 2165 ſolis
1333 2130 1415 2165 vitio
1425 2131 1506 2164 verti
1516 2129 1547 2163 id
1556 2127 1675 2177 poſſet,
1696 2138 1752 2163 aut
1760 2129 1800 2163 iis

244 2181 428 2226 Veterum,
436 2178 495 2223 qui
505 2175 654 2225 Papiſmo
664 2177 696 2211 h.
705 2189 732 2212 e.
746 2177 866 2211 nimiae
880 2178 1047 2213 autoritati
1054 2178 1232 2213 hominum
1243 2191 1259 2212 a
1271 2181 1344 2213 Deo
1357 2175 1449 2226 ſaepe
1459 2177 1702 2213 disiunctorum
1711 2187 1743 2212 et
1757 2187 1801 2211 ta-

244 2238 324 2262 men
334 2230 397 2261 Dei
411 2229 547 2261 nomine
558 2226 763 2261 abutentium
773 2226 812 2261 ad
827 2225 987 2262 iniuſtum
1003 2228 1037 2261 in
1051 2228 1174 2261 animas
1188 2237 1219 2262 et
1232 2224 1439 2262 conſcientias
1455 2227 1636 2273 imperium
1659 2225 1800 2270 glaciem

244 2282 437 2321 fregerunt,
449 2286 480 2309 et
486 2286 643 2324 pararunt
650 2277 743 2312 viam.
794 2279 921 2313 Verum
931 2276 985 2327 hoc
1004 2274 1075 2327 ipſo
1086 2277 1274 2314 oſtenderet
1282 2276 1313 2313 ſe
1323 2277 1441 2313 eodem
1449 2277 1570 2313 morbo
1579 2276 1800 2324 laborare,
1749 2272 1801 2328 qui

245 2340 372 2362 ceteros
382 2340 496 2362 omnes
507 2327 600 2362 ſanos
609 2326 669 2368 eſſe
682 2328 717 2361 et
717 2328 908 2361 innocentes
921 2326 1160 2375 praetenderet.
1212 2327 1346 2376 Vbique
1353 2328 1455 2362 huius
1468 2327 1546 2362 mali
1555 2329 1658 2375 patria
1671 2326 1715 2363 eſt,
1725 2327 1801 2371 vbi

245 2389 427 2423 peccatum.
476 2378 629 2413 Naſcitur
638 2379 670 2411 in
679 2378 826 2411 humano
840 2376 937 2412 corde
945 2387 980 2412 vt
987 2379 1068 2412 ciuis
1076 2387 1109 2413 et
1115 2377 1247 2418 haeres,
1264 2389 1334 2412 non
1347 2376 1570 2413 introducitur
1578 2388 1733 2425 tanquam
1742 2376 1802 2411 ho-

243 2433 316 2479 ſpes
325 2433 530 2478 peregrinus.
592 2434 715 2479 Neque
722 2431 811 2467 aliud
818 2431 1004 2468 remedium
1021 2431 1185 2481 expellere
1195 2432 1300 2481 poteſt
1314 2434 1403 2468 hunc
1417 2430 1576 2467 morbum
1586 2443 1715 2480 praeter
1729 2442 1803 2476 gra-

245 2491 325 2513 tiam
334 2492 366 2511 et
381 2482 493 2511 lumen
503 2482 582 2520 Dei,
607 2479 697 2523 quod
706 2481 776 2511 non
782 2478 963 2514 ſecundum
973 2479 1123 2522 regiones
1133 2487 1165 2512 et
1173 2481 1301 2511 climata
1313 2478 1527 2526 populorum
1540 2476 1719 2520 diuiditur,
1746 2475 1801 2514 ſed

296 2542 428 2586 Weism.
428 2542 519 2586 Hiſt.
519 2542 610 2586 Eccl.
610 2542 713 2586 Tom.
713 2542 751 2586 I.

1284 2547 1318 2581 e

1665 2538 1809 2576 diſpen-
