1559 2238
324 288 352 330 f.
372 284 527 327 Peccato
540 278 677 328 aliena,
703 284 863 325 quorum
879 269 1009 322 aliquis
1023 267 1135 318 parti-

379 350 467 389 ceps
482 334 523 375 ſit
537 330 793 375 concurrendo
807 329 853 369 ad
866 330 925 371 illa

381 405 415 429 α.
442 386 623 427 Remotius
635 395 703 435 per
716 377 887 423 ſcandala.

384 450 421 499 β.
446 437 600 493 Propius

434 503 489 529 aa.
511 488 674 530 Mediate
691 495 727 524 et
741 480 929 524 indirecte.

435 542 488 586 bb.
510 538 725 584 Immediate
740 550 776 576 et
788 535 936 576 directe.

463 689 761 726 ARTICVLVS
790 678 868 721 III.

295 775 385 818 DE
424 765 661 817 LIBERO
701 756 1034 805 ARBITRIO.

188 866 215 903 I.
244 861 455 901 NEXVS.

188 902 233 939 II.
250 888 526 938 INDOLES.
572 872 637 930 Eſt
663 883 830 925 doctrina
850 888 942 930 pura
963 886 1001 916 et
1023 873 1153 914 funda-

208 951 416 997 mentalis.

190 1014 252 1054 llI.
258 1006 456 1050 SEDES.
469 1019 483 1045 I
493 1001 582 1044 Cor.
591 1011 625 1045 2,
634 1009 683 1045 14.
706 996 785 1037 Ioh.
793 1006 841 1041 15,
850 1004 918 1039 4.5.
943 991 1074 1035 Phil.2,
1085 1000 1128 1034 13.

155 1070 255 1114 IV.
280 1066 408 1106 IPSA
440 1055 809 1106 EXPLICATIO
842 1051 1024 1090 HVIVS
1056 1047 1154 1087 DO-

243 1117 538 1163 CTRINAE,
562 1115 625 1152 vbi

245 1178 271 1203 I.
294 1158 544 1202 Denominatio
559 1155 663 1196 liberi
684 1151 831 1192 arbitrii.

246 1225 280 1253 2.
299 1208 504 1263 Explicatio
516 1200 707 1246 libertatis.
757 1198 928 1243 Conſiſtit
942 1210 983 1237 ea
994 1196 1033 1235 in
1049 1191 1157 1234 facul-

301 1274 373 1305 tate
388 1262 425 1301 ſe
448 1253 713 1301 determinandi
725 1266 791 1303 per
813 1250 1016 1291 diſtinctam
1032 1245 1160 1295 cogni-

301 1315 460 1361 tionem;
484 1318 593 1358 quam
610 1305 755 1346 homini
769 1302 879 1343 ineſſe
893 1294 1160 1349 comprobatur

302 1385 333 1412 a.
357 1369 414 1409 Ex
426 1363 656 1415 experientia.

303 1422 340 1462 b.
359 1419 418 1459 Ex
430 1414 541 1456 1Cor.
549 1415 642 1462 7,36.
655 1408 806 1458 Philem.
816 1418 851 1446 v.
860 1416 910 1453 14.
923 1401 1040 1443 Hebr.
1047 1413 1099 1449 10,
1106 1400 1161 1440 26.

355 1477 534 1521 Deut.30,
547 1480 594 1515 19.

252 1525 284 1566 3.
308 1510 485 1553 Obiectum
497 1506 694 1552 libertatis,
710 1513 787 1551 quo
803 1498 939 1541 referas

308 1586 337 1614 a.
366 1568 562 1613 Naturalia
589 1566 649 1607 ſeu
672 1563 845 1611 humana,
879 1558 927 1598 ad
947 1568 1041 1606 quae
1064 1554 1165 1595 vires

357 1621 553 1663 hominum
569 1627 693 1657 natura
709 1613 905 1663 ſufficiunt,
929 1608 996 1656 ita,
1020 1617 1063 1646 vt

359 1690 396 1715 α.
421 1674 620 1715 Externam
642 1667 749 1720 ipſius
769 1663 975 1706 felicitatem
997 1671 1042 1698 ex
1062 1668 1167 1710 parte

413 1730 678 1775 promoueant,
702 1716 894 1770 ipſumque
916 1713 960 1752 ad
979 1710 1170 1751 ſalutarem

414 1775 666 1818 doctrinarum
683 1768 887 1812 diuinarum
901 1763 1005 1804 vſum
1019 1770 1170 1814 praepa-

416 1838 498 1869 rent
525 1839 565 1865 ac
597 1820 803 1871 ſtimulent,
834 1827 943 1867 atque
968 1816 1063 1855 illius
1083 1822 1172 1851 con-

401 1886 573 1923 temtum
584 1871 832 1920 inexcuſatum
843 1868 1015 1919 reddant;
