1796 2932
322 497 386 537 DE
386 494 579 536 HEREDEVM
579 492 826 533 QVALITATE
826 489 1082 531 DIFFERENTIA.

1151 486 1235 536 233

221 593 419 641 inſoluendo.
470 589 578 632 Quod
613 593 746 630 tamen,
779 596 859 621 cum
891 582 1025 632 |durum
1058 580 1235 618 videretur

223 649 389 690 Praetori,
411 642 649 683 introductum
674 642 720 678 eſt
740 637 917 685 beneficium
939 637 1236 682 ABSTINENDI,

222 700 259 731 vi
275 701 360 734 cuius
374 698 464 731 liberi
473 694 532 741 ſui
549 692 748 728 hereditatem
762 680 869 735 patris
886 682 1066 733 damnoſam
1091 682 1237 728 repudia-

225 761 260 785 re
270 751 404 798 poſſunt.
468 750 523 782 De
547 755 616 792 quo
644 751 750 789 porro
782 747 884 778 nota:
921 743 954 780 I)
978 737 1183 784 impuberibus
1201 736 1237 772 li-

225 802 316 836 beris
337 803 471 845 ſemper
489 796 602 835 datur;
629 800 663 826 at
675 791 847 836 puberibus
865 792 950 822 tunc
960 787 1111 828 demum,
1130 778 1160 830 ſi
1172 793 1237 818 nec

227 855 261 889 ſe
279 849 500 899 immiſcuerint
515 845 718 893 hereditati,
749 854 815 879 ncc
841 854 881 876 ex
906 853 945 875 ea
971 837 1099 887 aliquid
1116 847 1237 873 amoue-

227 908 296 941 rint
311 906 365 948 a).
415 903 459 943 2)
482 909 544 948 per
568 897 638 934 hoc
663 895 873 935 beneficium
897 892 993 930 liberi
1017 892 1065 928 ſui
1083 903 1155 927 non
1170 900 1242 923 am-

228 958 321 1009 plius
343 957 424 994 ſunt
446 951 625 1003 neceſſarii,
655 951 710 989 ſed
743 949 836 987 fiunt
866 946 1042 985 voluntarii
1071 943 1241 988 heredes;

231 1008 394 1058 quamuis
410 1012 575 1048 maneant
592 1001 738 1041 heredes
753 999 825 1049 ſui.
840 998 879 1048 b)

275 1118 307 1158 a)
328 1104 395 1150 I.u.
420 1115 440 1148 I.
466 1114 505 1153 7i.
528 1112 559 1152 §.
579 1120 603 1149 3
610 1107 680 1151 ſqq.
693 1108 736 1150 ff.
752 1109 784 1140 de
797 1106 910 1150 adquir.
924 1104 1017 1140 hered.
1097 1105 1135 1144 b)
1155 1103 1191 1135 G.
1208 1105 1242 1136 L.

314 1164 529 1199 BOEHMERI
554 1158 616 1193 diſſ.
637 1158 670 1188 de
690 1158 747 1188 her.
754 1155 813 1195 ſuo
836 1154 871 1186 ab
886 1152 1005 1187 heredit.
1049 1149 1199 1192 abſinente
1216 1158 1244 1179 et

309 1199 346 1238 ſe
363 1187 529 1235 immiſcente
542 1193 576 1225 in
587 1194 633 1224 Ei.
652 1191 737 1223 elect.
754 1192 810 1222 iur.
829 1190 885 1220 civ.
903 1188 942 1221 T.
964 1190 984 1219 I.
1001 1187 1048 1217 De
1060 1187 1246 1224 quaeſtione,

315 1257 356 1277 an
365 1246 456 1277 liberi
471 1237 680 1286 abſtentionem
695 1238 825 1279 probare
841 1235 976 1270 debeant
984 1236 1046 1268 vid.
1055 1235 1129 1267 IOS.
1149 1235 1249 1267 AVE-

316 1291 410 1323 RAN.
421 1280 545 1327 interpr.
545 1279 574 1323 L.
580 1286 619 1315 II-
634 1295 653 1316 c.
666 1291 686 1320 9.
718 1294 726 1316 et
755 1282 973 1317 WAECHTLER
996 1278 1026 1311 in
1035 1277 1103 1310 actis
1111 1274 1188 1308 erud.
1199 1283 1247 1304 an.

325 1330 414 1371 1716.
437 1341 467 1370 p.
491 1330 562 1368 361.
579 1327 730 1361 KOCHII
753 1325 816 1358 diſſ.
833 1324 865 1355 de
889 1322 976 1355 hered.
998 1320 1059 1358 ſuis
1074 1320 1122 1353 [ad
1131 1315 1245 1361 probat.

317 1370 431 1413 abſtent.
453 1369 531 1404 baud
550 1365 691 1410 obligatis.
737 1365 952 1401 HOEPFNER
974 1354 1047 1395 Com.
1075 1360 1113 1392 ad
1135 1359 1204 1399 Inſt.
1219 1357 1251 1397 §.

322 1431 396 1462 540.

279 1507 362 1539 Nota
387 1502 534 1536 formulas
557 1499 728 1540 loquendi:
755 1497 796 1535 I)
820 1495 956 1535 abſtinere
981 1495 1018 1525 ab
1036 1491 1189 1525 hereditate
1205 1491 1252 1525 di-

319 1554 429 1579 cuntur
452 1543 582 1577 heredes
603 1543 685 1584 SVI;
711 1539 759 1574 ſed
787 1539 936 1580 repudiare
959 1536 1176 1573 hereditatem,
1199 1542 1252 1563 ex-

322 1590 421 1622 tranei
438 1587 590 1619 dicuntur.
631 1583 668 1626 2)
687 1582 839 1622 immiſcere
850 1581 885 1621 ſe
902 1577 1066 1617 hereditati,
1088 1585 1185 1618 aeque
1209 1575 1250 1607 de

323 1635 489 1670 heredibus
504 1635 589 1668 SVIS
604 1628 777 1673 vſurpatur,
800 1635 871 1659 cum
888 1627 1027 1661 extranei
1041 1624 1071 1658 ſe
1082 1631 1139 1666 pro
1153 1622 1251 1656 herede

322 1691 419 1723 gerere
433 1679 583 1714 dicantur.

685 1801 711 1842 §.
740 1808 818 1842 375.

533 1853 675 1888 Extranei
703 1849 812 1885 heredes
837 1849 974 1892 quinam?

349 1923 406 1960 IlI.
436 1912 591 1967 Extranei
610 1914 756 1964 denique
779 1911 946 1949 dicuntur
968 1907 1107 1951 heredes,
1129 1907 1185 1954 qui
1207 1917 1259 1941 nec

248 1975 528 2023 DOMINICAE
539 1984 592 2010 nec
612 1971 809 2010 PATRIAE
829 1965 989 2012 teſtatoris
1006 1961 1159 2011 poteſtati
1179 1960 1261 2010 ſub-

249 2024 321 2065 iecti
327 2024 419 2077 ſunt.
467 2013 520 2065 Hi
535 2015 571 2062 et
584 2021 878 2063 VOLVNTARII
892 2015 1064 2058 dicuntur,
1089 2011 1167 2058 quia
1187 2024 1205 2047 a
1220 2010 1261 2047 li-

189 2075 359 2115 libera
381 2068 507 2109 eorum
528 2066 660 2119 pendet
679 2064 880 2112 voluntate,
910 2068 1030 2101 vtrum
1051 2060 1140 2099 adire
1152 2070 1197 2097 an
1214 2070 1262 2095 re-

205 2133 341 2170 diare
355 2124 585 2168 hereditatem
604 2120 724 2162 velint.

739 2370 777 2420 P
777 2370 821 2420 5

1132 2359 1200 2415 B)
1200 2359 1277 2415 De
