2736 3255
729 522 806 585 856

1228 506 1874 559 SCIRRHUS.

2223 508 2387 564 §.486.

740 624 966 688 ſphacelos,
994 623 1268 678 ſterilitatem,
1297 630 1456 676 partem
1487 615 1720 669 diſficilem,
1741 607 1984 665 volvulum,
2014 607 2057 652 &
2080 604 2210 653 multa
2244 604 2386 651 ſimilia

740 688 845 734 mala
865 684 1123 745 producere,
1144 693 1251 738 quae
1268 693 1322 723 ex
1339 690 1484 724 natura
1500 678 1544 722 &
1563 674 1702 721 officio
1722 672 1834 727 laeſi,
1880 672 1901 716 &
1919 666 2248 724 comprimentis,
2265 663 2388 711 facile

743 747 894 794 deduci
916 755 1092 796 queunt.

793 805 883 843 Pars
909 796 1089 840 ſcirrhoſa
1117 799 1276 844 augetur
1300 787 1582 842 magnitudine:
1611 787 1677 829 ſed
1700 787 1776 828 hoc
1799 783 1886 826 fieri
1911 777 2064 832 nequit,
2085 776 2176 829 quin
2199 775 2284 816 vaſa
2301 788 2386 824 par-

742 856 838 898 tium
860 852 1004 895 ſcirrho
1020 846 1274 900 adjacentium
1291 841 1558 895 anguſtentur;
1585 839 1664 882 imo
1683 840 1722 879 &
1746 832 1947 888 aliquando
1966 831 2269 884 comprimantur
2289 829 2384 870 inte-

742 914 822 961 gre.
880 903 973 944 Ideo
994 899 1094 941 inter
1114 898 1241 940 cauſas
1263 892 1587 943 obſtructionum,
1606 893 1705 945 quae
1728 893 1884 929 externa
1903 888 2078 927 vaſorum
2105 880 2384 931 compreſſione

743 957 897 996 illorum
914 962 1006 992 cava
1021 948 1178 997 arctent,
1192 951 1439 987 numerantur
1454 941 1566 983 etiam
1584 939 1754 982 ſcirrhoſi
1775 938 1944 979 tumores
1961 933 2072 987 (vide
2096 937 2132 980 §.
2150 941 2231 970 1|2.
2254 941 2291 968 n.
2309 930 2382 979 1.).

744 1005 937 1049 Innumeri
955 1015 1068 1054 ergo,
1088 1000 1219 1049 illique
1236 998 1384 1045 penitus
1404 996 1542 1039 diverſi
1560 994 1722 1037 effectus
1735 991 1866 1034 ſcirrhi
1889 990 1965 1031 eſſe
1987 986 2156 1039 poſſunt,
2177 994 2248 1034 pro
2266 983 2387 1025 varie-

743 1065 824 1097 tate
840 1053 1025 1104 partium,
1048 1061 1146 1098 quae
1167 1051 1206 1089 in
1222 1048 1405 1089 ſcirrhum
1431 1043 1705 1092 induruerunt,
1731 1042 1769 1081 &
1786 1039 1942 1082 diverſis
1963 1034 2222 1080 functionibus
2241 1031 2385 1073 vicino-

744 1113 845 1153 rum,
857 1112 956 1148 quae
971 1115 992 1138 a
1011 1099 1154 1139 ſcirrho
1169 1094 1403 1137 increſcente
1424 1089 1743 1141 comprimuntur.
1796 1086 1858 1127 Sic
1875 1085 2040 1128 ſcirrhus
2059 1084 2106 1123 ab
2121 1086 2278 1122 externa
2298 1089 2386 1117 cau-

746 1157 784 1197 ſa
805 1155 846 1194 in
878 1162 1042 1201 corpore
1070 1147 1260 1201 euchymo
1294 1150 1422 1194 natus,
1454 1152 1657 1183 mammam
1682 1147 1898 1189 occupans,
1920 1134 2031 1185 ſaepe
2056 1135 2094 1173 in
2117 1134 2235 1173 ſeram
2264 1138 2387 1179 usque

750 1205 938 1250 ſenectam
964 1201 1151 1242 innocuus
1174 1205 1323 1240 manet:
1351 1198 1417 1238 ubi
1436 1193 1537 1237 idem
1558 1194 1700 1234 malum
1724 1190 1762 1231 in
1783 1186 2018 1245 oeſophago,
2036 1187 2097 1227 vel
2120 1184 2254 1225 vicinis
2275 1182 2387 1233 parti-

750 1258 841 1308 bus,
872 1265 968 1306 quae
996 1258 1185 1295 tumentes
1216 1250 1314 1291 illius
1346 1259 1484 1288 cavum
1507 1243 1653 1286 arctare
1677 1243 1714 1282 &
1740 1248 1998 1289 comprimere
2021 1237 2188 1288 poſſunt,
2214 1233 2387 1285 haeſerit,

749 1307 854 1350 omni
884 1303 1156 1358 deglutitorum
1190 1301 1228 1341 in
1257 1298 1515 1341 ventriculum
1543 1295 1699 1337 tranſitu
1725 1289 1935 1343 impedito,
1958 1289 2041 1340 poſt
2075 1288 2221 1328 Tantali
2245 1294 2387 1335 poenas

752 1361 861 1409 ſaepe
884 1368 953 1407 per
976 1356 1123 1397 menſes
1149 1353 1345 1399 toleratas,
1365 1347 1594 1390 inevitabilis
1612 1358 1714 1386 mors
1736 1340 1915 1392 ſequitur.
1965 1339 2138 1381 Sufficiet
2160 1347 2254 1385 ergo
2273 1346 2389 1384 gene-

751 1410 849 1450 rales
865 1405 990 1448 fontes
1004 1406 1068 1446 hic
1091 1401 1285 1449 indicare,
1311 1399 1415 1440 unde
1432 1396 1563 1439 ſcirrhi
1583 1396 1663 1436 nati
1685 1394 1846 1436 effectus
1864 1390 2005 1430 deduci
2032 1390 2206 1437 poſſunt:
2231 1385 2386 1433 ſingula-

752 1459 852 1499 rium
867 1462 995 1496 autem
1017 1452 1229 1501 malorum,
1260 1459 1357 1497 quae
1370 1461 1391 1487 a
1409 1446 1552 1488 ſcirrho
1566 1453 1610 1485 ut
1625 1444 1733 1484 cauſa
1745 1437 1952 1490 ſequuntur
1970 1438 2009 1478 in
2032 1446 2198 1486 corpore
2211 1434 2390 1485 humano,

754 1509 922 1563 cognitio
948 1523 970 1550 a
994 1505 1255 1551 functionibus
1277 1500 1439 1553 partium
1469 1498 1691 1545 affectarum
1713 1495 1818 1537 laeſis
1836 1491 1992 1546 pendet.
2044 1487 2245 1544 Quaedam
2263 1493 2389 1529 tamen

756 1575 803 1602 ex
825 1558 1038 1611 praecipuis
1062 1560 1332 1598 enumerantur
1351 1553 1422 1593 hac
1440 1547 1689 1601 paragrapho.

812 1607 1179 1663 Inflammationes,
1209 1600 1549 1659 ſuppurationes,
1581 1605 1857 1654 gangraenas,
1887 1588 2108 1652 ſphacelos.
2162 1595 2205 1632 In
2231 1592 2264 1637 §.
2282 1597 2391 1638 375.,

755 1669 824 1713 ubi
855 1668 903 1709 de
930 1662 1232 1707 inflammationis
1257 1660 1377 1700 cauſis
1400 1655 1606 1709 agebatur,
1629 1654 1775 1697 dictum
1803 1651 1899 1693 fuit,
1928 1659 2062 1691 omnes
2090 1643 2391 1689 obſtructionum

755 1717 883 1760 cauſas
892 1711 1228 1758 inflammationem
1251 1708 1380 1751 facere
1394 1707 1521 1759 poſſe:
1547 1697 1632 1754 ſed,
1655 1699 1726 1745 uti
1746 1702 1847 1746 modo
1871 1692 2017 1743 dictum
2039 1698 2131 1747 fuit,
2146 1694 2248 1735 inter
2266 1693 2392 1733 cauſas

756 1764 1080 1820 obſtructionum,
1090 1757 1198 1812 quae
1214 1765 1370 1800 externa
1385 1755 1665 1809 compreſſione
1678 1753 1763 1796 vaſa
1780 1750 1991 1804 arctarent,
2010 1748 2124 1790 etiam
2142 1745 2304 1788 ſcirrhus
2323 1755 2393 1784 nu-

758 1826 951 1870 meratur;
978 1815 1150 1868 adeoque
1168 1813 1264 1854 haec
1274 1823 1336 1851 res
1350 1804 1470 1861 patet.
1525 1809 1660 1849 Natam
1683 1812 1809 1845 autem
1828 1799 2164 1844 inflammationem
2187 1793 2290 1847 ſequi
2310 1794 2393 1845 poſ-

757 1875 842 1917 ſunt
866 1870 1008 1913 omnes
1025 1869 1108 1918 ejus
1134 1867 1316 1916 affectus;
1344 1861 1518 1914 adeoque
1536 1860 1574 1902 &
1591 1856 1809 1911 ſuppuratio
1835 1856 1872 1897 &
1892 1863 2105 1906 gangraena
2125 1851 2163 1893 &
2184 1849 2391 1901 ſphacelus.

760 1921 976 1965 Notandum
1000 1925 1128 1958 tamen
1145 1917 1185 1956 in
1208 1914 1350 1955 ſcirrho
1369 1909 1552 1961 exquiſito
1569 1909 1605 1949 &
1626 1897 1854 1948 confirmato
1874 1899 2183 1953 ſuppurationem
2202 1906 2395 1944 nunquam

762 1971 862 2021 fieri,
876 1969 940 2009 ſed
955 1967 1111 2021 quidem
1121 1964 1161 2005 in
1175 1964 1344 2013 partibus
1356 1954 1491 2002 vicinis
1512 1972 1533 1998 a
1549 1951 1693 2000 ſcirrho
1712 1947 1886 1996 tumente
1905 1952 2140 2001 compreſſis.
2197 1950 2395 1987 Praeterea

762 2022 801 2063 in
829 2010 1124 2063 Commentariis
1153 2013 1188 2061 §.
1204 2022 1294 2057 422.
1317 2010 1356 2056 β.
1385 2022 1435 2049 ex
1463 2004 1805 2053 Obſervationibus
1819 2001 1980 2042 Hildani
1988 1996 2183 2047 conſtitit,
2206 2007 2227 2034 a
2245 1999 2399 2038 tumore

764 2066 949 2114 ſcirrhoſo
970 2075 1107 2104 venam
1127 2072 1257 2101 cavam
1277 2055 1557 2107 comprimente
1575 2056 1643 2096 illo
1658 2052 1696 2094 in
1700 2052 1813 2100 loco,
1830 2050 1905 2091 ubi
1916 2051 1956 2090 in
1969 2048 2075 2089 binas
2092 2044 2217 2088 iliacas
2228 2041 2400 2093 finditur,

763 2126 801 2164 in
818 2122 983 2169 utroque
1001 2125 1114 2155 crure
1130 2107 1383 2164 gangraenam
1394 2117 1519 2150 natam
1533 2106 1656 2156 fuiſſe,
1678 2116 1792 2155 quam
1812 2099 2007 2151 ſphacelus
2025 2093 2251 2149 ſequebatur
2268 2092 2315 2135 ad
2335 2103 2402 2145 ge-

763 2184 840 2214 nua
854 2166 1058 2212 aſcendens
1078 2166 1116 2207 &
1132 2175 1247 2207 mors.

822 2216 1027 2273 Paralyſis.
1077 2221 1131 2256 Ut
1155 2217 1250 2252 fiant
1277 2214 1404 2251 motus
1440 2206 1697 2250 muſculorum
1733 2196 1961 2252 voluntarii,
1991 2194 2200 2249 requiritur
2236 2192 2399 2236 liberum

766 2274 1046 2314 commercium
1060 2271 1159 2306 inter
1171 2262 1376 2306 cerebrum
1388 2259 1426 2301 &
1440 2256 1631 2302 muſculos
1644 2265 1714 2308 per
1726 2252 1891 2301 nervos:
1912 2253 1939 2293 ſi
1952 2263 2045 2303 ergo
2061 2250 2225 2290 ſcirrhus
2238 2256 2401 2288 nervum

768 2333 817 2368 ad
839 2325 1051 2364 muſculum
1079 2317 1302 2360 tendentem
1324 2315 1363 2356 in
1390 2313 1467 2355 hoc
1492 2309 1631 2353 itinere
1658 2322 1678 2349 a
1698 2303 1863 2350 cerebro
1890 2306 1937 2347 ad
1957 2299 2170 2346 muſculum
2190 2308 2313 2348 usque
2335 2297 2403 2339 ali-

766 2382 858 2422 cubi
873 2372 1150 2429 compreſſerit,
1166 2370 1239 2411 erit
1255 2368 1451 2414 muſculus
1462 2364 1528 2408 ille
1546 2361 1788 2419 paralyticus.
1844 2360 1883 2404 Si
1901 2359 1978 2411 jam
1993 2355 2126 2409 ingens
2138 2360 2297 2396 truncus
2315 2365 2403 2393 ner-

766 2435 880 2471 voſus
896 2429 943 2466 ad
964 2429 1110 2474 partem
1127 2418 1316 2472 quandam
1325 2415 1496 2469 corporis
1507 2412 1669 2457 tendens
1686 2427 1708 2453 a
1718 2409 1784 2452 tali
1797 2409 1906 2451 cauſa
1917 2405 2213 2459 comprimatur,
2229 2402 2303 2443 erit
2317 2413 2402 2451 per-

765 2486 867 2525 fecta
887 2478 1064 2533 paralyſis
1087 2474 1187 2516 illius
1210 2472 1385 2515 membri.
1437 2472 1544 2512 Dum
1567 2461 1809 2510 ſubaxillares
1829 2459 2050 2519 glandulae,
2064 2457 2267 2501 ſcirrhoſae
2286 2454 2419 2497 factae

771 2536 809 2574 &
821 2530 989 2572 tumidae
1002 2527 1133 2577 valde,
1155 2530 1336 2573 premunt
1356 2519 1502 2577 vicinos
1527 2523 1684 2559 truncos
1702 2514 1905 2563 nervoſos,
1921 2517 2026 2562 patet
2041 2509 2175 2560 facile,
2193 2507 2282 2547 inde
2299 2515 2405 2553 para-

770 2588 880 2633 lyſim
891 2580 990 2617 naſci
1001 2576 1118 2626 poſſe.
1140 2570 1227 2615 Vidi
1248 2570 1297 2609 ſic
1309 2568 1349 2608 in
1361 2566 1521 2608 muliere
1534 2560 1772 2615 ſexagenaria
1782 2556 1955 2601 dextram
1972 2567 2175 2598 mammam
2191 2560 2307 2594 totam
2319 2551 2406 2591 ſcir-

771 2636 944 2679 rhoſam,
967 2631 1005 2665 &
1019 2626 1109 2666 dein
1135 2617 1330 2673 glandulas
1359 2618 1426 2658 ſub
1447 2616 1558 2657 axilla
1577 2613 1709 2656 dextra
1729 2608 1934 2653 admodum
1958 2606 2121 2650 tumidas
2141 2603 2284 2656 pariter
2299 2600 2406 2645 indu-

773 2687 911 2728 ruiſſe;
932 2680 1037 2716 unde
1059 2676 1184 2724 primo
1203 2669 1386 2711 maximus
1401 2665 1514 2709 dolor
1525 2666 1565 2708 in
1584 2671 1668 2706 toto
1689 2659 1845 2703 brachio
1858 2660 2007 2710 dextro,
2018 2656 2107 2698 dein
2124 2646 2277 2704 ſtupor,
2298 2651 2335 2691 &
2353 2652 2409 2695 in-

775 2738 918 2778 cipiens
932 2730 1120 2778 paralyſis.
1176 2721 1295 2763 Simul
1309 2719 1349 2761 in
1362 2718 1449 2760 colli
1462 2717 1599 2759 dextro
1608 2715 1731 2756 latere
1745 2709 1945 2762 glandulae
1961 2708 2129 2752 tumidae
2148 2702 2353 2750 admodum
2370 2707 2408 2746 &

776 2788 895 2821 durae
919 2785 1049 2828 erant,
1076 2779 1116 2815 &
1140 2772 1356 2824 frequentia
1380 2768 1498 2811 animi
1518 2763 1709 2819 deliquia;
1734 2763 1833 2804 forte
1860 2773 1880 2801 a
1901 2760 1985 2812 pari
2009 2771 2107 2811 vago
2125 2757 2162 2795 &
2183 2752 2408 2799 intercoſtali

779 2837 953 2890 ejusdem
971 2833 1099 2875 lateris
1124 2828 1360 2881 compreſſis.

2297 2864 2421 2907 Atro-
