1618 2309
637 295 708 334 104

804 281 901 334 Lib.
901 281 939 334 I.
939 281 1034 334 Tit.
1034 281 1104 334 VI.
1104 281 1283 334 Membr.
1283 281 1323 334 II.

633 374 695 423 lia
717 382 775 434 c).
824 377 1030 428 Perſonalia
1066 377 1130 417 uel
1149 375 1290 427 honeſta
1315 375 1377 415 uel
1384 375 1473 427 ſor-

638 426 731 483 dida
742 429 832 472 eſſe
851 431 1053 472 dicuntur,
1089 439 1261 478 quorum
1292 439 1355 473 ea,
1386 427 1473 467 ſunt

638 497 835 524 munera,
848 482 987 523 quibus
1006 481 1184 523 honores
1213 481 1350 520 annexi
1365 479 1471 520 ſunt:

641 533 715 582 hæc
723 535 854 579 uero,
871 547 953 586 quæ
973 533 1062 577 ſolo
1079 532 1227 579 labore,
1249 542 1368 583 quem
1386 531 1473 572 uul-

643 598 701 642 gus
728 587 857 631 uilem
881 589 1019 635 habet,
1055 585 1332 638 expediuntur.
1412 587 1474 626 Sic

641 653 684 686 u.
693 650 725 683 c.
747 636 887 675 ciuium
908 644 962 683 eſt
982 646 1041 691 (I)
1060 639 1192 691 uigiles
1212 646 1278 689 (a)
1297 641 1336 681 in
1355 639 1476 688 curia,

635 697 695 735 (b)
706 694 761 740 in
775 697 898 740 portis
918 700 956 738 &
979 696 1103 742 uallis,
1119 694 1145 735 ſi
1168 693 1257 736 urbs
1278 690 1393 735 nullis
1415 693 1475 734 in-

638 740 775 781 ſtruƈta
796 746 848 789 ſit
868 747 1071 802 præſidiis,
1100 749 1154 797 (c)
1173 745 1214 788 in
1236 745 1376 798 plateis
1403 758 1477 787 nec

643 800 723 839 non
745 800 794 847 ad
810 810 908 837 ædes
928 798 1188 849 priuatorum,
1201 794 1373 836 incendii
1393 796 1474 837 fur-

638 852 717 899 tiue
739 852 919 896 tempore
939 854 1010 892 &c.
1052 848 1231 891 excubias
1260 861 1371 899 agere
1398 850 1474 897 d);

641 904 704 962 (2)
723 907 878 953 turbas,
899 905 927 947 ſi
944 902 1150 944 ordinariis
1172 901 1295 944 ſedari
1316 910 1475 952 neque-

643 959 717 1003 ant
731 956 898 1000 mediis,
903 955 969 1000 ad
993 953 1234 1007 magiſtratus
1257 952 1412 1001 iuſſum,
1437 953 1477 992 ui

643 1011 747 1055 iuſta
761 1005 940 1057 pellere;
993 1004 1053 1060 (3)
1074 1007 1262 1058 incendia,
1282 1003 1308 1046 ſi
1330 1016 1412 1056 quæ
1434 1006 1475 1047 in

638 1068 813 1112 ciuitate
823 1068 926 1105 orta,
953 1071 1028 1110 pro
1057 1058 1204 1100 uiribus
1228 1055 1476 1109 reſtinguere;

646 1120 712 1172 (4)
717 1117 843 1164 puteos
846 1114 1038 1169 foſſasque
1053 1110 1158 1155 urbis
1170 1121 1336 1166 purgare
1350 1114 1428 1155 &c.

911 1183 944 1234 §.
1011 1183 1210 1223 CLXXVI.

682 1249 827 1298 Ciuis,
842 1247 900 1292 ubi
925 1241 973 1283 ad
992 1238 1150 1282 ferenda
1178 1248 1299 1280 onera
1321 1234 1477 1289 publica

646 1300 876 1341 contribuit,
885 1314 1023 1344 munus
1036 1302 1144 1343 reale
1156 1299 1267 1351 ſubit,
1277 1299 1342 1342 ſeu
1352 1298 1479 1342 ſoluit

649 1355 794 1396 Schoß,
809 1359 916 1397 quod
932 1363 966 1400 in
981 1360 1148 1403 Erb⸗und
1167 1353 1478 1407 Gewerb⸗Schoß

649 1407 848 1445 diuiditur.
870 1408 964 1452 Illud
976 1408 1029 1448 de
1041 1403 1327 1456 immobilibus,
1341 1403 1406 1445 hoc
1425 1403 1479 1445 de

649 1467 1001 1507 commerciorum,
1018 1456 1272 1510 opificiorum
1292 1452 1316 1503 &
1359 1455 1478 1498 artifi-

638 1522 807 1557 ciorum
822 1513 1020 1556 exercitio
1060 1510 1266 1566 præſtatur.
1356 1512 1478 1554 Unde

638 1565 752 1609 facile
777 1565 829 1606 eſt
857 1567 913 1610 ad
940 1562 1288 1617 cognoſcendum,
1330 1564 1378 1605 ab
1404 1566 1478 1607 illo

646 1628 769 1663 neque
804 1616 979 1659 nobilem
1009 1625 1140 1664 neque
1172 1606 1383 1654 doƈtorem
1409 1623 1477 1651 ne-

649 1683 720 1724 que
732 1669 961 1719 clericum,ſi
978 1666 1195 1712 immobilia
1211 1671 1310 1709 intra
1329 1666 1478 1712 urbem,

643 1732 711 1765 uel
730 1722 972 1768 territorium
987 1720 1036 1763 ad
1053 1732 1141 1761 eam
1149 1712 1378 1777 pertinens,
1397 1712 1477 1776 poſ-

646 1778 788 1822 ſideat,
813 1782 1032 1812 immunem
1054 1767 1139 1810 eſſe.
1215 1767 1363 1808 Contra
1382 1778 1480 1807 con-

643 1827 739 1868 ſules
752 1822 796 1874 &
814 1832 1010 1868 ſenatores
1027 1820 1074 1865 ab
1090 1834 1143 1865 eo
1163 1821 1358 1865 immunes
1378 1819 1479 1866 ſunt,

452 1266 545 1298 quam
556 1266 632 1298 rea-

444 1307 498 1345 lia
509 1301 621 1337 ſubire

446 1348 558 1386 debet.

1394 1892 1478 1920 non

681 1973 714 1998 c)
731 1976 873 2006 BEYER
872 1971 962 2011 delin.
977 1978 1002 2008 1.
1020 1978 1056 2006 G.
1072 1972 1127 2006 lib.
1139 1981 1163 2005 1.
1174 1980 1199 2003 c.
1212 1979 1259 2008 13.

681 2020 722 2061 d)
731 2028 905 2055 FRITSCH
927 2029 965 2054 tr.
973 2017 1007 2054 de
1018 2012 1202 2054 excubiarum
1218 2016 1290 2052 iure.
