2344 2900
480 630 521 660 12.
543 619 705 668 Subjicere
718 610 840 664 debet)
863 621 922 656 Hoc
937 618 1007 655 loco
1026 618 1136 654 obiter
1144 629 1183 653 ex
1191 619 1328 664 Bergero
1345 614 1392 651 ad
1404 612 1560 654 Lauterb:
1567 613 1600 651 h.
1608 624 1635 650 t.

349 674 573 718 monendum,
584 673 649 711 uſu
652 671 730 723 fori
730 671 905 723 præſertim
919 675 1071 711 Saxonici
1086 670 1272 714 invaluiſſe,
1295 683 1332 708 ut
1348 671 1501 709 advocati
1518 671 1636 711 literis,

353 730 417 761 illis
431 727 543 762 etiam,
566 731 628 772 quæ
639 720 807 771 attingunt
816 712 941 770 fatalia.
955 730 988 756 v.
1003 732 1032 755 c.
1058 721 1213 765 ſchedula
1232 719 1476 755 leuterationis,
1494 716 1638 762 appella-

353 778 506 818 tionisve,
518 769 677 812 clientum
687 772 822 811 ſuorum
835 775 975 809 nomina
981 771 1178 810 ſubſcribere
1189 771 1331 820 poſſint,
1351 770 1458 807 modo
1482 769 1536 806 ſua
1556 781 1639 818 quo-

352 839 430 872 que,
449 834 484 858 ut
490 821 729 858 advocatorum
744 833 782 856 ac
790 817 1061 867 concipientium,
1075 831 1265 867 opponant.
1320 823 1400 862 Nec
1400 820 1516 861 refert,
1532 823 1567 853 in
1583 831 1639 853 ex-

354 879 462 918 ordio
462 877 533 917 litis,
552 883 587 926 an
601 876 635 909 in
645 872 825 925 progreſſu,
838 874 874 911 id
888 872 992 924 ipſum
1017 874 1142 910 factum
1155 884 1371 910 memoretur.
1428 874 1538 913 Nam,
1560 882 1638 906 cum

349 934 532 968 advocatus
545 929 661 963 actoris
674 929 712 963 in
722 925 815 963 cauſa
824 925 960 963 actionis
968 925 1163 972 injuriarum
1172 923 1380 961 æſtimatoriæ
1389 921 1497 966 literis,
1520 921 1638 971 quibus

352 983 463 1023 offerri
477 980 575 1032 judici
590 981 718 1019 libellus
727 982 864 1019 actionis
875 978 970 1023 folet,
978 979 1079 1029 vulgo
1095 984 1158 1019 das
1173 977 1637 1026 Præſentations-Schreiben,

354 1038 409 1071 ſua
418 1042 521 1066 manu
530 1031 656 1065 clientis
666 1041 790 1066 nomen
812 1026 999 1078 ſubjeciſſet,
1018 1030 1211 1064 citationem
1232 1026 1367 1063 adverſæ
1394 1028 1477 1075 parti
1497 1026 1639 1060 inſinua-

354 1090 425 1122 tam
443 1085 483 1120 ad
509 1083 665 1122 effectum
683 1080 959 1133 interrumpendæ
985 1078 1231 1132 præſcriptionis
1253 1081 1376 1117 annalis
1396 1080 1562 1120 ſufficere,
1587 1091 1638 1115 re-

353 1138 555 1189 ſponderunt
564 1136 693 1173 Scabini
706 1135 891 1187 Lipſienſes,
901 1131 1017 1185 quibus
1032 1135 1115 1171 ordo
1126 1133 1391 1184 Vittebergenſis,
1407 1130 1476 1180 teſte
1496 1136 1638 1180 Bergero,

351 1192 487 1230 aſſenſit.
539 1191 624 1231 Imo,
637 1200 715 1224 cum
727 1186 906 1238 aliquando
915 1186 1116 1226 amanuenſis
1123 1182 1204 1238 juſſu
1219 1199 1256 1222 ac
1269 1183 1425 1222 mandato
1438 1197 1568 1235 patroni
1579 1197 1639 1219 no-

353 1255 432 1287 men
446 1249 572 1287 clientis
588 1246 823 1298 ſubſcripſiſſet,
844 1250 864 1285 &
875 1246 941 1296 ipſe
956 1257 1114 1296 patronus
1126 1243 1230 1287 ſuum,
1246 1245 1285 1288 ut
1285 1243 1378 1288 talis,
1391 1255 1518 1280 nomen
1536 1253 1639 1292 appo-

342 1299 469 1344 ſuiſſet,
478 1297 659 1348 antegreſſo
673 1297 766 1348 ſuper
784 1293 924 1351 prædicto
931 1296 1092 1334 mandato
1107 1296 1323 1341 amanuenſis,
1340 1298 1535 1345 patronique
1555 1296 1642 1341 jure-

343 1353 509 1400 jurando,
522 1348 624 1390 formæ
642 1346 834 1404 judiciorum
867 1348 1068 1387 ſatisfaƈtum
1089 1347 1173 1390 eſſe,
1201 1346 1389 1397 reſponſum
1417 1347 1470 1383 eſt.
1523 1350 1642 1394 Quan-

354 1402 455 1453 quam
465 1402 532 1438 ſane
549 1401 604 1452 hæc
628 1400 695 1450 ipſa
712 1394 927 1442 obſervantia,
944 1402 1144 1451 præterquam
1158 1400 1249 1446 quod
1270 1397 1361 1432 nulla
1386 1396 1459 1443 lege
1479 1407 1535 1432 aut
1550 1406 1640 1437 certa

350 1459 436 1496 juris
436 1455 571 1495 ratione
582 1450 764 1486 ſuſtinetur,
776 1448 842 1481 hac
848 1446 985 1494 quoque
997 1436 1194 1481 difficultate
1203 1436 1346 1482 laborat,
1359 1441 1452 1489 quod
1471 1453 1543 1488 pars
1558 1441 1637 1489 ipſa,

343 1501 444 1553 cujus
459 1504 494 1556 in
501 1497 650 1543 favorem
650 1497 812 1542 obtinuit,
827 1492 983 1553 ejusmodi
999 1493 1087 1542 actum
1108 1495 1314 1547 impugnare,
1336 1505 1433 1543 atque
1450 1496 1536 1532 adeo
1552 1495 1638 1545 judi-

345 1557 445 1597 cium
458 1562 546 1587 retro
554 1546 729 1602 eluſorium
739 1545 872 1589 reddere
881 1546 990 1597 poſlit.

469 1612 513 1649 13.
547 1596 658 1650 Puniri
675 1590 802 1655 poteſt)
823 1604 853 1639 Et
868 1590 1054 1647 reƈtiſſime.
1106 1598 1200 1635 Nam
1221 1601 1278 1634 ubi
1293 1601 1365 1646 quis
1388 1594 1570 1647 delinquit,
1596 1595 1642 1633 ibi

343 1646 460 1695 puniri
472 1644 601 1699 poteſt:
626 1648 675 1691 Et
681 1638 752 1683 ſanæ
772 1645 892 1681 rationi
907 1647 1077 1686 convenit,
1093 1654 1130 1685 ut
1139 1644 1281 1692 aliquem
1296 1645 1397 1678 etiam
1413 1646 1548 1690 alicujus
1569 1647 1638 1677 loci

341 1700 526 1755 ſequantur
538 1691 770 1746 incommoda,
775 1694 809 1738 in
825 1692 886 1750 quo
898 1692 1101 1748 commodum
1125 1697 1241 1753 quærit
1259 1709 1358 1748 atque
1365 1698 1505 1744 lucrum.
1517 1696 1638 1746 Quod-

341 1761 382 1807 ſi
382 1756 462 1807 ergo
472 1755 560 1798 aliud
574 1746 763 1798 diceremus,
773 1744 910 1794 feneſtra
917 1748 1096 1800 aperiretur
1102 1752 1219 1789 talium
1227 1751 1404 1793 hominum
1412 1747 1563 1792 licenriæ,
1576 1760 1639 1786 nec

352 1817 393 1852 ab
406 1821 503 1859 eorum
522 1807 646 1858 linguis
661 1812 759 1853 atque
774 1802 886 1839 calamis
913 1796 1015 1849 ſecura
1030 1794 1130 1840 eſſent
1141 1803 1283 1851 judicia,
1302 1801 1443 1850 judices,
1467 1802 1501 1837 &
1520 1810 1639 1850 partes.

343 1864 471 1891 Statim
484 1866 595 1900 itaque
606 1851 768 1897 ejusmodi
779 1843 954 1890 advocatus
966 1849 1003 1900 in
1009 1847 1148 1886 multam
1156 1853 1369 1885 condemnari
1383 1854 1512 1897 poteſt;
1538 1863 1639 1894 quam

351 1920 382 1958 ſi
384 1917 502 1948 deinde
515 1914 639 1945 ſolvere
649 1905 782 1949 recuſat,
795 1909 832 1943 in
852 1906 1095 1942 contumaciam
1114 1905 1251 1953 publico
1273 1905 1410 1941 decreto
1428 1905 1469 1939 ab
1491 1905 1640 1941 advoca-

341 1966 452 2006 tionis
462 1961 597 2003 munere
611 1963 648 2001 in
648 1956 718 2001 hoc
719 1952 849 2017 judicio
858 1953 1095 2004 excludendus,
1105 1957 1276 2007 ſimulque,
1290 1958 1561 2009 procuratoribus
1580 1958 1637 1997 ſub

341 2023 455 2070 pœna
455 2007 720 2069 injungendum,
732 2009 767 2062 ne
783 2002 962 2067 quidquam
962 2002 1005 2056 in
1012 1999 1183 2067 poſterum
1200 2010 1251 2045 ab
1272 2012 1311 2045 iis
1328 2009 1493 2058 recipiant
1513 2007 1636 2057 judicio

349 2076 417 2116 vel
423 2071 632 2104 Cancellariæ
655 2058 886 2105 exhibendum.

465 2126 523 2164 14.
544 2115 710 2166 Suſcipere
710 2109 882 2165 tenetur)
900 2105 967 2170 Quia
988 2116 1122 2151 illorum
1141 2116 1290 2152 officium
1313 2116 1356 2151 eſt
1382 2116 1576 2165 publicum,
1599 2116 1639 2148 ii-

340 2168 499 2219 demque
499 2174 550 2218 ad
555 2164 734 2217 patrocinii
747 2166 983 2217 præſtationem
992 2165 1159 2204 conſtituti
1172 2165 1256 2204 ſunt.
1308 2165 1363 2203 Ad
1385 2165 1554 2217 publicum
1565 2173 1640 2200 mu-

341 2224 410 2264 nus
426 2222 537 2280 autem
550 2212 779 2279 ſuſcipiendum
804 2215 923 2257 invitus
940 2212 1006 2273 quis
1025 2218 1090 2269 cogi
1106 2215 1243 2277 poteſt.
1268 2221 1371 2265 Secus
1371 2223 1480 2264 ergo,
1501 2218 1545 2254 ob
1572 2218 1636 2257 ceſ-

341 2272 469 2325 ſantem
490 2264 665 2328 rationem,
674 2258 748 2319 erit
742 2258 928 2313 dicendum
928 2267 971 2312 de
982 2264 1153 2309 advocatis
1163 2267 1234 2308 non
1243 2271 1424 2309 ordinariis.
1446 2270 1554 2310 Klein.
1571 2270 1638 2308 h.l.

348 2332 413 2368 Sed
424 2325 468 2377 in
468 2319 586 2376 genere
595 2314 760 2375 ejusmodi
770 2311 956 2374 coactiones
972 2316 1075 2364 hodie
1088 2324 1177 2363 adeo
1193 2323 1383 2371 frequentes
1391 2314 1470 2361 non
1486 2321 1568 2366 eſſe,
1586 2322 1637 2358 ar-

341 2395 464 2428 hitror.

460 2452 515 2492 15.
531 2429 656 2472 Juſtam
656 2407 782 2471 habeat
794 2413 963 2472 cauſam)
972 2428 1042 2452 Hæc
1054 2427 1204 2471 limitatio
1215 2428 1286 2474 fere
1300 2433 1372 2471 tam
1382 2428 1451 2473 late
1463 2428 1580 2477 patet,
