<?xml version='1.0' encoding='utf-8'?>
<PcGts xmlns="http://schema.primaresearch.org/PAGE/gts/pagecontent/2019-07-15" xmlns:xsi="http://www.w3.org/2001/XMLSchema-instance" pcGtsId="PAGE_01" xsi:schemaLocation="http://schema.primaresearch.org/PAGE/gts/pagecontent/2019-07-15 http://schema.primaresearch.org/PAGE/gts/pagecontent/2019-07-15/pagecontent.xsd">
  <Metadata>
    <Creator>OCR-D DFG Phase III</Creator>
    <Created>2024-01-19T13:10:52Z</Created>
    <LastChange>2024-01-19T13:10:52Z</LastChange>
    <Comments>ODEM: OCR-D extension for mass digitization (2021-2024)</Comments>
  </Metadata>
  <Page imageFilename="urn+nbn+de+gbv+3+1-823873-p0025-5_lat.jpg" imageWidth="2597" imageHeight="3002" type="content" primaryLanguage="Latin">
    <Border>
      <Coords points="95,279 119,2854 2118,2792 2079,222"/>
    </Border>
    <ReadingOrder>
      <OrderedGroup id="ro_1664284612618" caption="Regions reading order">
        <RegionRefIndexed index="0" regionRef="region0001"/>
        <RegionRefIndexed index="1" regionRef="region0002"/>
        <RegionRefIndexed index="2" regionRef="region0003"/>
      </OrderedGroup>
    </ReadingOrder>
    <TextRegion orientation="1.9642612" readingDirection="left-to-right" id="region0001" custom="readingOrder {index:0;}">
      <Coords points="318,487 1619,487 1619,1343 318,1343"/>
      <TextLine id="region0001_line0001" custom="readingOrder {index:0;}">
        <Coords points="469,504 464,508 463,516 369,519 358,512 343,509 319,512 318,562 332,555 341,563 452,558 545,560 724,552 752,550 758,547 772,549 824,546 844,546 849,554 855,555 871,552 874,544 1004,539 1065,539 1069,547 1084,549 1090,548 1095,539 1269,539 1418,534 1456,530 1562,526 1619,520 1619,515 1618,488 1615,488 1474,487 1349,494 1345,488 1329,487 1324,496 1242,496 1236,488 1219,488 1215,497 1192,498 1182,489 1171,490 1164,497 1058,497 1053,494 1051,488 1040,487 1028,488 1020,496 961,498 951,487 939,488 934,499 821,504 813,495 798,495 793,499 792,506 690,511 684,500 672,500 663,504 661,513 641,514 639,507 632,503 621,504 616,509 609,503 592,505 587,515 554,516 494,515 489,507"/>
        <Baseline points="318,553 1018,528 1295,529 1619,511"/>
        <Word id="region0001_line0001_word0000" custom="readingOrder {index:0;}">
          <Coords points="323,516 324,552 396,549 395,518 369,519 361,514"/>
          <TextEquiv conf="0.85626906">
            <Unicode>ſum</Unicode>
          </TextEquiv>
        </Word>
        <Word id="region0001_line0001_word0001" custom="readingOrder {index:1;}">
          <Coords points="463,509 463,516 420,517 421,554 542,549 540,515 494,515 489,508"/>
          <TextEquiv conf="0.8969433">
            <Unicode>cedat,</Unicode>
          </TextEquiv>
        </Word>
        <Word id="region0001_line0001_word0002" custom="readingOrder {index:2;}">
          <Coords points="590,507 587,515 572,515 573,544 634,542 633,506 618,506 616,509 613,506"/>
          <TextEquiv conf="0.8969433">
            <Unicode>vbi</Unicode>
          </TextEquiv>
        </Word>
        <Word id="region0001_line0001_word0003" custom="readingOrder {index:3;}">
          <Coords points="664,503 663,504 661,513 652,513 654,541 694,539 692,510 690,511 685,502"/>
          <TextEquiv conf="0.928203">
            <Unicode>ab</Unicode>
          </TextEquiv>
        </Word>
        <Word id="region0001_line0001_word0004" custom="readingOrder {index:4;}">
          <Coords points="793,499 793,499 792,506 710,510 712,538 838,533 836,503 821,504 816,498"/>
          <TextEquiv conf="0.88347137">
            <Unicode>annulo</Unicode>
          </TextEquiv>
        </Word>
        <Word id="region0001_line0001_word0005" custom="readingOrder {index:5;}">
          <Coords points="937,491 934,499 852,502 854,543 1012,537 1010,496 961,498 954,491"/>
          <TextEquiv conf="0.8614251">
            <Unicode>proxime</Unicode>
          </TextEquiv>
        </Word>
        <Word id="region0001_line0001_word0006" custom="readingOrder {index:6;}">
          <Coords points="1026,489 1025,490 1027,537 1182,531 1180,489 1171,490 1164,497 1058,497 1053,494 1051,488"/>
          <TextEquiv conf="0.92608637">
            <Unicode>ſequenti</Unicode>
          </TextEquiv>
        </Word>
        <Word id="region0001_line0001_word0007" custom="readingOrder {index:7;}">
          <Coords points="1200,522 1311,518 1310,496 1242,496 1236,488 1219,488 1215,497 1199,497"/>
          <TextEquiv conf="0.9125233">
            <Unicode>vitreo</Unicode>
          </TextEquiv>
        </Word>
        <Word id="region0001_line0001_word0008" custom="readingOrder {index:8;}">
          <Coords points="1332,517 1468,513 1467,487 1349,494 1345,488 1331,487"/>
          <TextEquiv conf="0.89030737">
            <Unicode>interno</Unicode>
          </TextEquiv>
        </Word>
        <Word id="region0001_line0001_word0009" custom="readingOrder {index:9;}">
          <Coords points="1487,510 1587,507 1586,487 1486,487"/>
          <TextEquiv>
            <Unicode>attra-</Unicode>
          </TextEquiv>
        </Word>
        <TextEquiv>
          <Unicode>ſum cedat, vbi ab annulo proxime ſequenti vitreo interno attra-</Unicode>
        </TextEquiv>
      </TextLine>
      <TextLine id="region0001_line0002" custom="readingOrder {index:1;}">
        <Coords points="332,556 318,563 318,616 575,611 580,619 592,620 600,618 606,609 614,608 937,593 989,588 994,591 1068,588 1215,592 1388,589 1393,598 1399,599 1417,587 1463,586 1469,594 1485,593 1490,590 1492,583 1497,582 1619,577 1619,572 1619,535 1584,537 1577,535 1569,526 1557,528 1552,538 1512,538 1504,529 1492,530 1485,540 1476,540 1470,532 1460,532 1448,543 1417,545 1386,546 1379,537 1365,539 1361,547 1341,548 1333,539 1321,541 1316,549 1276,550 1270,548 1266,540 1249,540 1244,549 1235,540 1221,540 1211,550 1180,550 1174,542 1167,541 1159,542 1154,549 1054,548 943,551 937,542 926,542 918,551 864,555 832,554 830,549 824,547 810,547 800,555 758,548 750,552 719,553 712,558 711,564 550,569 547,561 542,559 520,561 516,567 361,572 351,571 346,564 341,564"/>
        <Baseline points="318,607 580,602 1013,579 1364,580 1619,567"/>
        <Word id="region0001_line0002_word0000" custom="readingOrder {index:0;}">
          <Coords points="324,563 326,601 438,597 437,569 361,572 351,571 346,564 341,564 339,562"/>
          <TextEquiv conf="0.8483051">
            <Unicode>hatur,</Unicode>
          </TextEquiv>
        </Word>
        <Word id="region0001_line0002_word0001" custom="readingOrder {index:1;}">
          <Coords points="466,569 502,568 502,592 466,593"/>
          <TextEquiv conf="0.8483051">
            <Unicode>et</Unicode>
          </TextEquiv>
        </Word>
        <Word id="region0001_line0002_word0002" custom="readingOrder {index:2;}">
          <Coords points="519,592 563,591 562,568 550,569 547,561 542,559 520,561 518,563"/>
          <TextEquiv conf="0.9186457">
            <Unicode>ſic</Unicode>
          </TextEquiv>
        </Word>
        <Word id="region0001_line0002_word0003" custom="readingOrder {index:3;}">
          <Coords points="583,602 704,598 702,564 582,568"/>
          <TextEquiv conf="0.88213485">
            <Unicode>porro.</Unicode>
          </TextEquiv>
        </Word>
        <Word id="region0001_line0002_word0004" custom="readingOrder {index:4;}">
          <Coords points="756,584 1041,574 1040,548 943,551 937,542 926,542 918,551 864,555 832,554 830,549 824,547 810,547 800,555 758,548 755,549"/>
          <TextEquiv conf="0.889319">
            <Unicode>Suſtentationem</Unicode>
          </TextEquiv>
        </Word>
        <Word id="region0001_line0002_word0005" custom="readingOrder {index:5;}">
          <Coords points="1055,549 1056,573 1142,570 1141,548 1077,548"/>
          <TextEquiv conf="0.9096448">
            <Unicode>vero</Unicode>
          </TextEquiv>
        </Word>
        <Word id="region0001_line0002_word0006" custom="readingOrder {index:6;}">
          <Coords points="1162,570 1194,569 1193,550 1180,550 1174,542 1167,541 1161,541"/>
          <TextEquiv conf="0.90033454">
            <Unicode>in</Unicode>
          </TextEquiv>
        </Word>
        <Word id="region0001_line0002_word0007" custom="readingOrder {index:7;}">
          <Coords points="1217,569 1283,567 1282,549 1276,550 1270,548 1266,540 1249,540 1244,549 1235,540 1221,540 1216,544"/>
          <TextEquiv conf="0.90410715">
            <Unicode>ſola</Unicode>
          </TextEquiv>
        </Word>
        <Word id="region0001_line0002_word0008" custom="readingOrder {index:8;}">
          <Coords points="1301,566 1379,564 1378,537 1365,539 1361,547 1341,548 1333,539 1321,541 1316,549 1300,549"/>
          <TextEquiv conf="0.9208188">
            <Unicode>vitri</Unicode>
          </TextEquiv>
        </Word>
        <Word id="region0001_line0002_word0009" custom="readingOrder {index:9;}">
          <Coords points="1396,574 1591,567 1590,536 1584,537 1577,535 1569,526 1557,528 1552,538 1512,538 1504,529 1492,530 1485,540 1476,540 1470,532 1460,532 1448,543 1417,545 1395,545"/>
          <TextEquiv conf="0.9208188">
            <Unicode>peripheria</Unicode>
          </TextEquiv>
        </Word>
        <TextEquiv conf="0.89424336">
          <Unicode>hatur, et ſic porro. Suſtentationem vero in ſola vitri peripheria</Unicode>
        </TextEquiv>
      </TextLine>
      <TextLine id="region0001_line0003" custom="readingOrder {index:2;}">
        <Coords points="980,589 975,592 972,601 965,601 958,592 938,593 929,602 863,603 856,597 840,597 832,604 797,609 719,611 711,604 693,604 684,614 592,621 506,622 501,613 486,613 481,622 323,626 318,627 318,667 385,666 392,675 400,676 413,674 417,666 482,664 521,667 525,670 576,664 582,670 597,670 605,661 628,658 857,646 862,646 870,654 886,654 890,645 1020,641 1059,643 1066,649 1079,649 1084,643 1217,641 1227,642 1231,650 1239,652 1254,650 1258,642 1355,642 1373,643 1382,651 1396,645 1447,639 1492,638 1496,645 1507,646 1517,644 1520,634 1619,629 1619,587 1499,592 1423,598 1416,590 1399,600 1312,600 1302,591 1291,593 1287,600 1216,601 1195,601 1188,592 1175,593 1170,599 1166,599 1163,593 1153,590 1142,592 1139,599 1118,599 1114,592 1092,591 1084,592 1079,598 998,600 996,592"/>
        <Baseline points="318,657 566,656 762,640 1020,631 1402,633 1619,621"/>
        <Word id="region0001_line0003_word0000" custom="readingOrder {index:0;}">
          <Coords points="326,627 365,625 366,649 327,651"/>
          <TextEquiv conf="0.91013646">
            <Unicode>ea</Unicode>
          </TextEquiv>
        </Word>
        <Word id="region0001_line0003_word0001" custom="readingOrder {index:1;}">
          <Coords points="387,661 537,656 535,621 506,622 501,613 486,613 481,622 385,624"/>
          <TextEquiv conf="0.90894747">
            <Unicode>quaerit,</Unicode>
          </TextEquiv>
        </Word>
        <Word id="region0001_line0003_word0002" custom="readingOrder {index:2;}">
          <Coords points="574,655 674,652 672,617 626,618 592,621 572,621"/>
          <TextEquiv conf="0.8904656">
            <Unicode>quam</Unicode>
          </TextEquiv>
        </Word>
        <Word id="region0001_line0003_word0003" custom="readingOrder {index:3;}">
          <Coords points="692,604 688,609 689,640 814,636 813,606 797,609 719,611 711,604"/>
          <TextEquiv conf="0.9089778">
            <Unicode>ſumma</Unicode>
          </TextEquiv>
        </Word>
        <Word id="region0001_line0003_word0004" custom="readingOrder {index:4;}">
          <Coords points="838,597 836,600 837,645 1027,639 1026,599 998,600 996,592 974,593 972,601 965,601 959,594 936,594 929,602 863,603 856,597"/>
          <TextEquiv conf="0.4928974">
            <Unicode>ſuperficies</Unicode>
          </TextEquiv>
        </Word>
        <Word id="region0001_line0003_word0005" custom="readingOrder {index:5;}">
          <Coords points="1088,591 1084,592 1079,598 1045,598 1046,637 1188,632 1187,592 1175,593 1170,599 1166,599 1163,593 1153,590 1142,592 1139,599 1118,599 1114,592 1096,591"/>
          <TextEquiv conf="0.9136622">
            <Unicode>cylindri</Unicode>
          </TextEquiv>
        </Word>
        <Word id="region0001_line0003_word0006" custom="readingOrder {index:6;}">
          <Coords points="1205,634 1305,630 1304,592 1302,591 1291,593 1287,600 1216,601 1204,601"/>
          <TextEquiv conf="0.83540255">
            <Unicode>aquei</Unicode>
          </TextEquiv>
        </Word>
        <Word id="region0001_line0003_word0007" custom="readingOrder {index:7;}">
          <Coords points="1324,630 1451,625 1450,595 1423,598 1416,590 1399,600 1323,600"/>
          <TextEquiv conf="0.8805604">
            <Unicode>tangit;</Unicode>
          </TextEquiv>
        </Word>
        <Word id="region0001_line0003_word0008" custom="readingOrder {index:8;}">
          <Coords points="1487,624 1591,620 1590,588 1499,592 1486,593"/>
          <TextEquiv conf="0.8679292">
            <Unicode>quam</Unicode>
          </TextEquiv>
        </Word>
        <TextEquiv conf="0.8454421">
          <Unicode>ea quaerit, quam ſumma ſuperficies cylindri aquei tangit; quam</Unicode>
        </TextEquiv>
      </TextLine>
      <TextLine id="region0001_line0004" custom="readingOrder {index:3;}">
        <Coords points="844,647 839,655 797,659 646,666 641,659 628,659 622,668 597,671 481,675 474,666 463,666 456,674 448,676 358,678 356,671 351,667 318,668 319,719 555,713 699,705 704,712 722,712 727,702 909,694 1244,692 1263,694 1291,702 1332,693 1375,691 1619,685 1619,641 1583,641 1575,633 1548,634 1543,644 1535,645 1464,649 1462,642 1447,640 1434,643 1430,648 1407,649 1396,646 1382,652 1368,643 1356,644 1349,649 1326,651 1321,643 1305,643 1301,650 1289,651 1283,643 1269,644 1264,652 1239,653 1150,651 1141,643 1127,643 1124,651 1000,652 993,643 981,643 975,653 870,655 865,654 860,648"/>
        <Baseline points="318,710 922,683 1294,686 1619,675"/>
        <Word id="region0001_line0004_word0000" custom="readingOrder {index:0;}">
          <Coords points="327,669 328,705 527,698 526,673 481,675 474,666 463,666 456,674 448,676 358,678 356,671 352,668"/>
          <TextEquiv conf="0.9155983">
            <Unicode>ſententiam</Unicode>
          </TextEquiv>
        </Word>
        <Word id="region0001_line0004_word0001" custom="readingOrder {index:1;}">
          <Coords points="626,660 622,668 597,671 544,672 545,696 678,692 677,664 646,666 641,660"/>
          <TextEquiv conf="0.9067813">
            <Unicode>monitu</Unicode>
          </TextEquiv>
        </Word>
        <Word id="region0001_line0004_word0002" custom="readingOrder {index:2;}">
          <Coords points="841,651 839,655 797,659 696,663 697,701 903,694 909,694 910,693 910,654 870,655 865,654 862,650"/>
          <TextEquiv conf="0.86861044">
            <Unicode>quorundam</Unicode>
          </TextEquiv>
        </Word>
        <Word id="region0001_line0004_word0003" custom="readingOrder {index:3;}">
          <Coords points="978,647 975,653 928,653 929,683 1114,677 1112,651 1000,652 995,646"/>
          <TextEquiv conf="0.89006585">
            <Unicode>amicorum</Unicode>
          </TextEquiv>
        </Word>
        <Word id="region0001_line0004_word0004" custom="readingOrder {index:4;}">
          <Coords points="1132,675 1175,674 1173,651 1150,651 1141,643 1130,643"/>
          <TextEquiv conf="0.87866104">
            <Unicode>ita</Unicode>
          </TextEquiv>
        </Word>
        <Word id="region0001_line0004_word0005" custom="readingOrder {index:5;}">
          <Coords points="1192,684 1334,679 1332,650 1326,651 1321,643 1305,643 1301,650 1289,651 1283,643 1269,644 1264,652 1239,653 1190,651"/>
          <TextEquiv conf="0.8926465">
            <Unicode>corrigit</Unicode>
          </TextEquiv>
        </Word>
        <Word id="region0001_line0004_word0006" custom="readingOrder {index:6;}">
          <Coords points="1353,673 1413,671 1411,648 1407,649 1396,646 1382,652 1368,643 1356,644 1351,647"/>
          <TextEquiv conf="0.8926465">
            <Unicode>ſub</Unicode>
          </TextEquiv>
        </Word>
        <Word id="region0001_line0004_word0007" custom="readingOrder {index:7;}">
          <Coords points="1434,668 1534,664 1533,645 1464,649 1462,642 1447,640 1434,643 1432,644"/>
          <TextEquiv conf="0.85233605">
            <Unicode>finem</Unicode>
          </TextEquiv>
        </Word>
        <Word id="region0001_line0004_word0008" custom="readingOrder {index:8;}">
          <Coords points="1553,663 1590,661 1589,641 1583,641 1575,633 1552,633"/>
          <TextEquiv conf="0.9010041">
            <Unicode>li-</Unicode>
          </TextEquiv>
        </Word>
        <TextEquiv conf="0.88870555">
          <Unicode>ſententiam monitu quorundam amicorum ita corrigit ſub finem li-</Unicode>
        </TextEquiv>
      </TextLine>
      <TextLine id="region0001_line0005" custom="readingOrder {index:4;}">
        <Coords points="889,696 883,705 746,710 741,704 727,703 722,713 638,717 626,709 614,710 610,717 577,711 560,712 545,715 541,722 464,727 458,727 455,719 448,717 433,718 425,727 418,728 412,721 399,719 373,720 367,729 347,730 343,720 319,720 318,772 452,767 459,770 461,775 478,776 486,767 498,764 519,765 560,760 608,759 646,763 668,756 679,757 700,752 761,752 821,747 842,756 847,747 894,746 896,753 904,756 918,755 922,745 940,745 1185,744 1333,740 1399,742 1408,750 1425,748 1427,742 1566,738 1585,743 1619,741 1619,698 1600,695 1533,697 1525,689 1512,691 1508,699 1499,700 1496,694 1489,689 1477,689 1469,694 1465,701 1442,702 1399,701 1393,693 1383,692 1370,694 1366,700 1291,703 1264,701 1127,702 1117,702 1109,694 1101,693 1081,694 1073,701 1030,704 1008,703 1002,695 988,695 983,703 974,704 944,703 940,695 923,695 917,704 907,704 901,695"/>
        <Baseline points="318,762 874,736 1619,730"/>
        <Word id="region0001_line0005_word0000" custom="readingOrder {index:0;}">
          <Coords points="329,722 330,758 412,755 411,720 401,719 372,720 367,729 347,730 343,721"/>
          <TextEquiv conf="0.8975391">
            <Unicode>belli</Unicode>
          </TextEquiv>
        </Word>
        <Word id="region0001_line0005_word0001" custom="readingOrder {index:1;}">
          <Coords points="432,718 428,723 429,764 524,761 523,723 464,727 458,727 455,719 452,718"/>
          <TextEquiv conf="0.8975391">
            <Unicode>ſupra</Unicode>
          </TextEquiv>
        </Word>
        <Word id="region0001_line0005_word0002" custom="readingOrder {index:2;}">
          <Coords points="545,716 541,722 540,722 541,755 649,751 648,717 638,717 631,713 612,713 610,717 594,714"/>
          <TextEquiv conf="0.8746774">
            <Unicode>allati,</Unicode>
          </TextEquiv>
        </Word>
        <Word id="region0001_line0005_word0003" custom="readingOrder {index:3;}">
          <Coords points="676,721 714,720 715,743 677,744"/>
          <TextEquiv conf="0.9233194">
            <Unicode>vt</Unicode>
          </TextEquiv>
        </Word>
        <Word id="region0001_line0005_word0004" custom="readingOrder {index:4;}">
          <Coords points="729,709 730,742 810,739 808,707 746,710 744,708"/>
          <TextEquiv conf="0.9230948">
            <Unicode>loco</Unicode>
          </TextEquiv>
        </Word>
        <Word id="region0001_line0005_word0005" custom="readingOrder {index:5;}">
          <Coords points="885,702 883,705 826,707 828,749 846,748 847,747 894,746 894,747 922,745 922,745 935,745 1042,741 1040,703 1030,704 1008,703 1004,697 986,698 983,703 974,704 944,703 942,700 919,701 917,704 907,704 905,701"/>
          <TextEquiv conf="0.8357711">
            <Unicode>peripheriae</Unicode>
          </TextEquiv>
        </Word>
        <Word id="region0001_line0005_word0006" custom="readingOrder {index:6;}">
          <Coords points="1077,697 1073,701 1057,702 1058,732 1193,727 1192,701 1127,702 1117,702 1111,696"/>
          <TextEquiv>
            <Unicode>aſſumat</Unicode>
          </TextEquiv>
        </Word>
        <Word id="region0001_line0005_word0007" custom="readingOrder {index:7;}">
          <Coords points="1210,703 1210,726 1347,721 1346,700 1291,703 1264,701"/>
          <TextEquiv conf="0.8825758">
            <Unicode>tenuem</Unicode>
          </TextEquiv>
        </Word>
        <Word id="region0001_line0005_word0008" custom="readingOrder {index:8;}">
          <Coords points="1370,731 1596,723 1594,695 1533,697 1525,689 1512,691 1508,699 1499,700 1496,694 1489,689 1477,689 1469,694 1465,701 1442,702 1399,701 1393,693 1383,692 1370,694 1368,696"/>
          <TextEquiv>
            <Unicode>ſuperficiem,</Unicode>
          </TextEquiv>
        </Word>
        <TextEquiv>
          <Unicode>belli ſupra allati, vt loco peripheriae aſſumat tenuem ſuperficiem,</Unicode>
        </TextEquiv>
      </TextLine>
      <TextLine id="region0001_line0006" custom="readingOrder {index:5;}">
        <Coords points="820,748 813,750 807,757 782,758 778,751 764,751 757,759 719,761 717,754 713,753 700,753 694,756 692,762 681,763 676,757 668,757 659,760 657,765 635,766 573,768 568,762 560,761 542,764 537,772 521,774 516,773 514,766 498,765 487,768 483,776 478,777 461,776 458,770 452,768 436,770 434,777 424,779 393,780 387,772 371,772 367,781 318,782 318,823 443,819 542,812 594,813 597,817 605,818 618,816 626,809 650,806 670,805 676,813 685,814 694,811 698,804 704,803 831,799 977,798 988,798 996,807 1013,805 1017,797 1197,796 1245,798 1301,792 1388,790 1539,791 1619,786 1619,754 1587,752 1583,742 1566,739 1553,741 1549,750 1524,751 1408,751 1399,743 1384,744 1380,750 1344,750 1339,743 1333,741 1326,742 1319,750 1314,750 1307,742 1293,743 1289,751 1247,755 1192,752 1190,747 1184,744 1169,745 1165,752 1107,754 1098,745 1091,745 1081,746 1077,754 944,757 842,757"/>
        <Baseline points="318,812 838,788 1233,788 1619,777"/>
        <Word id="region0001_line0006_word0000" custom="readingOrder {index:0;}">
          <Coords points="371,773 367,781 329,782 331,807 426,803 424,779 424,779 393,780 387,772"/>
          <TextEquiv conf="0.9221238">
            <Unicode>cuius</Unicode>
          </TextEquiv>
        </Word>
        <Word id="region0001_line0006_word0001" custom="readingOrder {index:1;}">
          <Coords points="444,768 443,769 445,803 527,800 525,773 521,774 516,773 514,766 489,767 487,768 483,776 478,777 461,776 458,770 453,768"/>
          <TextEquiv conf="0.9089905">
            <Unicode>baſis</Unicode>
          </TextEquiv>
        </Word>
        <Word id="region0001_line0006_word0002" custom="readingOrder {index:2;}">
          <Coords points="543,765 545,799 583,798 582,767 573,768 569,764"/>
          <TextEquiv conf="0.9089905">
            <Unicode>ſit</Unicode>
          </TextEquiv>
        </Word>
        <Word id="region0001_line0006_word0003" custom="readingOrder {index:3;}">
          <Coords points="659,760 657,765 635,766 601,767 603,807 698,804 698,804 704,803 794,800 792,758 782,758 781,756 759,757 757,759 719,761 718,758 693,759 692,762 681,763 678,760"/>
          <TextEquiv conf="0.90804636">
            <Unicode>peripheria</Unicode>
          </TextEquiv>
        </Word>
        <Word id="region0001_line0006_word0004" custom="readingOrder {index:4;}">
          <Coords points="813,753 814,789 938,785 937,757 842,757 830,752"/>
          <TextEquiv conf="0.90097547">
            <Unicode>ſumma</Unicode>
          </TextEquiv>
        </Word>
        <Word id="region0001_line0006_word0005" custom="readingOrder {index:5;}">
          <Coords points="965,759 1070,755 1072,790 967,794"/>
          <TextEquiv conf="0.29040924">
            <Unicode>aquae</Unicode>
          </TextEquiv>
        </Word>
        <Word id="region0001_line0006_word0006" custom="readingOrder {index:6;}">
          <Coords points="1084,746 1085,779 1119,778 1118,753 1107,754 1098,745"/>
          <TextEquiv conf="0.86814415">
            <Unicode>in</Unicode>
          </TextEquiv>
        </Word>
        <Word id="region0001_line0006_word0007" custom="readingOrder {index:7;}">
          <Coords points="1138,785 1247,781 1246,754 1192,752 1190,747 1184,744 1169,745 1165,752 1137,752"/>
          <TextEquiv conf="0.8996517">
            <Unicode>tubo,</Unicode>
          </TextEquiv>
        </Word>
        <Word id="region0001_line0006_word0008" custom="readingOrder {index:8;}">
          <Coords points="1281,773 1424,768 1423,751 1408,751 1399,743 1384,744 1380,750 1344,750 1339,743 1333,741 1326,742 1319,750 1314,750 1307,742 1293,743 1289,751 1280,751"/>
          <TextEquiv conf="0.69374216">
            <Unicode>altitudo</Unicode>
          </TextEquiv>
        </Word>
        <Word id="region0001_line0006_word0009" custom="readingOrder {index:9;}">
          <Coords points="1444,769 1529,766 1528,750 1524,751 1443,751"/>
          <TextEquiv conf="0.90545535">
            <Unicode>vero</Unicode>
          </TextEquiv>
        </Word>
        <Word id="region0001_line0006_word0010" custom="readingOrder {index:10;}">
          <Coords points="1547,765 1604,763 1603,753 1587,752 1583,742 1566,739 1553,741 1549,750 1546,750"/>
          <TextEquiv conf="0.9171241">
            <Unicode>di-</Unicode>
          </TextEquiv>
        </Word>
        <TextEquiv conf="0.829423">
          <Unicode>cuius baſis ſit peripheria ſumma aquae in tubo, altitudo vero di-</Unicode>
        </TextEquiv>
      </TextLine>
      <TextLine id="region0001_line0007" custom="readingOrder {index:6;}">
        <Coords points="804,801 798,810 691,812 605,819 548,819 542,813 526,814 521,821 465,826 435,826 429,819 413,821 410,827 375,828 353,822 318,824 318,872 414,866 464,867 572,859 582,864 599,865 601,859 625,856 758,852 1033,848 1049,850 1163,846 1300,851 1381,843 1428,842 1444,846 1490,839 1518,841 1523,849 1529,850 1539,848 1545,841 1618,839 1619,829 1619,796 1580,797 1575,791 1568,789 1559,790 1549,799 1495,799 1489,791 1475,792 1470,800 1451,801 1446,797 1410,796 1401,799 1399,792 1388,791 1301,793 1297,797 1297,816 1295,817 1289,815 1288,809 1284,806 1252,805 1249,799 1237,798 1229,799 1226,806 1205,807 1201,799 1187,798 1180,808 1177,808 1114,806 1109,805 1103,797 1087,800 1072,797 1059,807 951,808 944,800 933,800 926,808 914,809 836,808 829,800"/>
        <Baseline points="318,862 695,844 1619,830"/>
        <Word id="region0001_line0007_word0000" custom="readingOrder {index:0;}">
          <Coords points="332,826 334,863 468,858 467,825 465,826 435,826 431,822 411,823 410,827 375,828 363,824"/>
          <TextEquiv conf="0.8743042">
            <Unicode>ſtantia,</Unicode>
          </TextEquiv>
        </Word>
        <Word id="region0001_line0007_word0001" custom="readingOrder {index:1;}">
          <Coords points="501,851 542,850 541,818 522,818 521,821 500,822"/>
          <TextEquiv conf="0.91053885">
            <Unicode>ad</Unicode>
          </TextEquiv>
        </Word>
        <Word id="region0001_line0007_word0002" custom="readingOrder {index:2;}">
          <Coords points="665,822 568,826 569,859 572,859 573,859 604,858 625,856 666,854"/>
          <TextEquiv conf="0.88584906">
            <Unicode>quam</Unicode>
          </TextEquiv>
        </Word>
        <Word id="region0001_line0007_word0003" custom="readingOrder {index:3;}">
          <Coords points="799,807 798,810 691,812 689,812 690,846 887,840 886,808 836,808 834,806"/>
          <TextEquiv conf="0.866668">
            <Unicode>extenditur</Unicode>
          </TextEquiv>
        </Word>
        <Word id="region0001_line0007_word0004" custom="readingOrder {index:4;}">
          <Coords points="928,805 926,808 914,809 908,808 909,839 958,837 957,807 951,808 947,804"/>
          <TextEquiv conf="0.91126066">
            <Unicode>vis</Unicode>
          </TextEquiv>
        </Word>
        <Word id="region0001_line0007_word0005" custom="readingOrder {index:5;}">
          <Coords points="1068,799 1059,807 976,807 977,837 1141,831 1140,806 1114,806 1109,805 1103,798 1094,798 1087,800 1082,799"/>
          <TextEquiv conf="0.9070165">
            <Unicode>attractiua</Unicode>
          </TextEquiv>
        </Word>
        <Word id="region0001_line0007_word0006" custom="readingOrder {index:6;}">
          <Coords points="1167,831 1266,828 1265,805 1252,805 1249,799 1237,798 1229,799 1226,806 1205,807 1201,799 1187,798 1180,808 1177,808 1166,807"/>
          <TextEquiv>
            <Unicode>vitri:</Unicode>
          </TextEquiv>
        </Word>
        <Word id="region0001_line0007_word0007" custom="readingOrder {index:7;}">
          <Coords points="1302,831 1443,827 1442,796 1410,796 1401,799 1399,792 1388,791 1301,792"/>
          <TextEquiv>
            <Unicode>„That,</Unicode>
          </TextEquiv>
        </Word>
        <Word id="region0001_line0007_word0008" custom="readingOrder {index:8;}">
          <Coords points="1478,828 1600,824 1598,796 1580,797 1575,791 1568,789 1559,790 1549,799 1495,799 1489,791 1477,791"/>
          <TextEquiv conf="0.88219106">
            <Unicode>inquit,</Unicode>
          </TextEquiv>
        </Word>
        <TextEquiv>
          <Unicode>ſtantia, ad quam extenditur vis attractiua vitri: „That, inquit,</Unicode>
        </TextEquiv>
      </TextLine>
      <TextLine id="region0001_line0008" custom="readingOrder {index:7;}">
        <Coords points="626,857 614,859 611,868 582,865 572,860 533,863 528,870 516,864 450,868 429,873 423,867 414,867 390,870 383,879 329,883 324,887 324,893 319,894 318,931 362,926 385,917 399,918 415,915 704,905 707,914 712,918 729,917 734,913 735,905 787,903 806,918 815,915 820,907 908,901 925,904 1096,900 1107,913 1117,913 1129,901 1456,891 1461,896 1477,896 1480,891 1531,889 1562,889 1564,899 1573,900 1609,899 1618,898 1619,886 1619,840 1578,841 1566,849 1529,851 1500,850 1498,844 1490,840 1476,841 1468,850 1445,851 1444,847 1429,843 1382,844 1376,846 1371,854 1200,860 1196,849 1164,847 1109,849 1102,858 1063,861 1040,859 1039,852 1033,849 936,851 926,858 919,860 856,864 828,861 766,863 764,856 758,853 744,855 737,864 729,864 723,855 710,856 704,864 698,864 687,856"/>
        <Baseline points="318,918 408,907 715,894 1156,892 1564,879 1619,882"/>
        <Word id="region0001_line0008_word0000" custom="readingOrder {index:0;}">
          <Coords points="446,874 385,876 383,879 335,882 336,920 381,918 385,917 396,917 400,917 415,915 446,913"/>
          <TextEquiv>
            <Unicode>„what</Unicode>
          </TextEquiv>
        </Word>
        <Word id="region0001_line0008_word0001" custom="readingOrder {index:1;}">
          <Coords points="467,876 492,875 493,907 468,908"/>
          <TextEquiv conf="0.89024216">
            <Unicode>I</Unicode>
          </TextEquiv>
        </Word>
        <Word id="region0001_line0008_word0002" custom="readingOrder {index:2;}">
          <Coords points="510,873 570,871 571,907 511,909"/>
          <TextEquiv>
            <Unicode>call</Unicode>
          </TextEquiv>
        </Word>
        <Word id="region0001_line0008_word0003" custom="readingOrder {index:3;}">
          <Coords points="606,881 612,881 613,904 607,904"/>
          <TextEquiv conf="0.867137">
            <Unicode>a</Unicode>
          </TextEquiv>
        </Word>
        <Word id="region0001_line0008_word0004" custom="readingOrder {index:4;}">
          <Coords points="638,866 640,907 704,905 707,913 734,912 735,905 787,903 795,910 819,909 820,907 845,905 844,863 828,861 766,863 766,862 738,863 737,864 729,864 728,863 704,864 704,864 698,864 698,864"/>
          <TextEquiv conf="0.67597914">
            <Unicode>Periphery,</Unicode>
          </TextEquiv>
        </Word>
        <Word id="region0001_line0008_word0005" custom="readingOrder {index:5;}">
          <Coords points="889,871 927,869 928,892 890,894"/>
          <TextEquiv conf="0.90937775">
            <Unicode>or</Unicode>
          </TextEquiv>
        </Word>
        <Word id="region0001_line0008_word0006" custom="readingOrder {index:6;}">
          <Coords points="947,857 948,894 1071,889 1070,860 1063,861 1040,859 1039,853"/>
          <TextEquiv conf="0.43749806">
            <Unicode>Section</Unicode>
          </TextEquiv>
        </Word>
        <Word id="region0001_line0008_word0007" custom="readingOrder {index:7;}">
          <Coords points="1142,899 1141,851 1106,853 1102,858 1095,859 1096,900 1096,900 1097,901"/>
          <TextEquiv conf="0.5503395">
            <Unicode>of</Unicode>
          </TextEquiv>
        </Word>
        <Word id="region0001_line0008_word0008" custom="readingOrder {index:8;}">
          <Coords points="1163,849 1164,885 1216,883 1215,859 1200,860 1196,849 1183,848"/>
          <TextEquiv>
            <Unicode>the</Unicode>
          </TextEquiv>
        </Word>
        <Word id="region0001_line0008_word0009" custom="readingOrder {index:9;}">
          <Coords points="1245,881 1374,877 1373,854 1355,854 1244,858"/>
          <TextEquiv>
            <Unicode>concave</Unicode>
          </TextEquiv>
        </Word>
        <Word id="region0001_line0008_word0010" custom="readingOrder {index:10;}">
          <Coords points="1400,886 1538,881 1536,850 1529,851 1500,850 1498,844 1490,840 1476,841 1468,850 1445,851 1444,847 1429,843 1398,843"/>
          <TextEquiv>
            <Unicode>Surface</Unicode>
          </TextEquiv>
        </Word>
        <Word id="region0001_line0008_word0011" custom="readingOrder {index:11;}">
          <Coords points="1563,884 1609,882 1607,840 1578,841 1566,849 1561,849"/>
          <TextEquiv conf="0.8989162">
            <Unicode>of</Unicode>
          </TextEquiv>
        </Word>
        <TextEquiv>
          <Unicode>„what I call a Periphery, or Section of the concave Surface of</Unicode>
        </TextEquiv>
      </TextLine>
      <TextLine id="region0001_line0009" custom="readingOrder {index:8;}">
        <Coords points="415,916 400,919 385,918 362,927 331,931 330,944 318,945 319,982 364,979 403,968 497,965 515,969 520,973 526,973 534,966 556,968 586,963 626,962 685,962 686,968 693,973 709,973 719,961 754,959 759,970 768,971 778,968 785,960 857,961 864,954 871,953 876,962 885,959 912,958 919,969 927,971 936,969 944,959 984,959 1006,966 1042,963 1062,958 1109,955 1117,967 1129,966 1138,957 1213,956 1215,962 1222,965 1238,962 1245,953 1478,944 1482,954 1499,955 1505,951 1507,943 1555,941 1560,943 1563,952 1570,953 1615,950 1618,949 1619,943 1619,899 1537,900 1535,893 1531,890 1516,891 1511,901 1500,902 1497,896 1491,892 1483,892 1478,896 1461,897 1456,892 1390,894 1385,896 1380,904 1372,905 1361,906 1358,899 1353,896 1344,896 1323,906 1308,907 1298,908 1289,900 1280,900 1274,910 1264,912 1262,904 1255,899 1237,902 1140,902 1134,903 1126,916 1106,916 1100,903 1090,902 1083,909 1081,916 1067,918 1038,914 963,914 959,907 952,904 939,905 932,914 915,915 913,906 908,902 832,907 827,910 827,917 806,919 787,904 779,907 773,918 720,919 708,919 700,907 678,908 671,919 618,921 586,921 582,913 578,911 564,913 561,922 504,924 502,916 497,913"/>
        <Baseline points="319,970 389,960 641,951 936,946 1009,952 1558,931 1619,937"/>
        <Word id="region0001_line0009_word0000" custom="readingOrder {index:0;}">
          <Coords points="413,929 338,932 339,977 376,975 403,968 413,967"/>
          <TextEquiv>
            <Unicode>„the</Unicode>
          </TextEquiv>
        </Word>
        <Word id="region0001_line0009_word0001" custom="readingOrder {index:1;}">
          <Coords points="531,927 434,930 434,966 497,965 515,969 518,971 528,971 531,967"/>
          <TextEquiv conf="0.43080097">
            <Unicode>Tube,</Unicode>
          </TextEquiv>
        </Word>
        <Word id="region0001_line0009_word0002" custom="readingOrder {index:2;}">
          <Coords points="565,924 593,923 594,959 566,960"/>
          <TextEquiv conf="0.9051203">
            <Unicode>is</Unicode>
          </TextEquiv>
        </Word>
        <Word id="region0001_line0009_word0003" custom="readingOrder {index:3;}">
          <Coords points="671,918 671,919 618,921 616,921 617,962 626,962 685,962 686,968 689,970 712,969 717,964 716,919 708,919 707,917"/>
          <TextEquiv conf="0.9075943">
            <Unicode>really</Unicode>
          </TextEquiv>
        </Word>
        <Word id="region0001_line0009_word0004" custom="readingOrder {index:4;}">
          <Coords points="734,930 753,929 754,952 735,953"/>
          <TextEquiv conf="0.9075943">
            <Unicode>a</Unicode>
          </TextEquiv>
        </Word>
        <Word id="region0001_line0009_word0005" custom="readingOrder {index:5;}">
          <Coords points="775,913 773,918 763,918 764,965 781,964 785,960 857,961 864,954 865,953 864,911 827,912 827,917 806,919 798,912"/>
          <TextEquiv>
            <Unicode>ſmall</Unicode>
          </TextEquiv>
        </Word>
        <Word id="region0001_line0009_word0006" custom="readingOrder {index:6;}">
          <Coords points="874,912 874,960 876,962 885,959 912,958 914,962 941,961 944,959 984,959 987,960 1017,959 1015,914 963,914 960,908 935,909 932,914 915,915 914,910"/>
          <TextEquiv conf="0.86616105">
            <Unicode>ſurface,</Unicode>
          </TextEquiv>
        </Word>
        <Word id="region0001_line0009_word0007" custom="readingOrder {index:7;}">
          <Coords points="1086,905 1083,909 1081,916 1067,918 1053,916 1055,955 1158,951 1156,903 1133,903 1126,916 1106,916 1100,904"/>
          <TextEquiv>
            <Unicode>whoſe</Unicode>
          </TextEquiv>
        </Word>
        <Word id="region0001_line0009_word0008" custom="readingOrder {index:8;}">
          <Coords points="1175,904 1177,954 1262,951 1260,902 1257,901 1238,901 1237,902 1231,902"/>
          <TextEquiv>
            <Unicode>Baſe</Unicode>
          </TextEquiv>
        </Word>
        <Word id="region0001_line0009_word0009" custom="readingOrder {index:9;}">
          <Coords points="1278,903 1278,903 1280,937 1307,936 1305,907 1298,908 1292,902"/>
          <TextEquiv conf="0.9194451">
            <Unicode>is</Unicode>
          </TextEquiv>
        </Word>
        <Word id="region0001_line0009_word0010" custom="readingOrder {index:10;}">
          <Coords points="1339,898 1323,906 1322,906 1324,936 1397,933 1395,896 1385,896 1380,904 1372,905 1361,906 1358,899 1356,898"/>
          <TextEquiv>
            <Unicode>that</Unicode>
          </TextEquiv>
        </Word>
        <Word id="region0001_line0009_word0011" custom="readingOrder {index:11;}">
          <Coords points="1412,944 1602,937 1600,899 1537,900 1535,893 1531,890 1516,891 1511,901 1500,902 1497,896 1491,892 1483,892 1478,896 1461,897 1456,892 1410,893"/>
          <TextEquiv conf="0.7683125">
            <Unicode>Periphery,</Unicode>
          </TextEquiv>
        </Word>
        <TextEquiv>
          <Unicode>„the Tube, is really a ſmall ſurface, whoſe Baſe is that Periphery,</Unicode>
        </TextEquiv>
      </TextLine>
      <TextLine id="region0001_line0010" custom="readingOrder {index:9;}">
        <Coords points="490,966 483,970 479,979 438,979 432,969 419,970 411,980 342,984 338,988 336,996 318,997 318,1036 355,1033 399,1023 506,1019 517,1026 527,1025 536,1019 594,1018 620,1021 632,1032 646,1031 658,1020 669,1018 817,1014 863,1014 867,1024 885,1021 896,1013 908,1013 970,1014 1000,1021 1030,1019 1058,1012 1204,1011 1477,1001 1486,1001 1493,1010 1505,1010 1512,1000 1517,999 1616,992 1619,991 1619,972 1618,951 1443,959 1440,948 1436,946 1375,948 1371,950 1369,959 1343,956 1280,966 1263,966 1260,957 1255,954 1246,954 1239,963 1228,966 1202,966 1199,958 1195,956 1181,958 1175,968 1172,968 1164,958 1154,959 1149,963 1146,959 1138,958 1129,969 1105,970 1065,968 1058,964 1048,964 1045,967 927,972 920,972 912,959 885,960 876,963 871,954 864,955 857,962 851,962 847,973 804,972 798,961 785,961 778,969 768,972 734,973 727,964 718,964 709,974 693,974 686,969 674,972 672,965 666,962 656,963 650,974 636,974 630,966 616,965 609,976 602,977 597,965 586,964 576,970 575,977 556,977 553,969 545,966 534,967 524,977 506,978 503,968"/>
        <Baseline points="318,1023 386,1014 561,1008 1004,1007 1517,990 1619,979"/>
        <Word id="region0001_line0010_word0000" custom="readingOrder {index:0;}">
          <Coords points="429,978 412,979 411,980 343,984 344,1025 399,1023 399,1023 430,1022"/>
          <TextEquiv>
            <Unicode>„and</Unicode>
          </TextEquiv>
        </Word>
        <Word id="region0001_line0010_word0001" custom="readingOrder {index:1;}">
          <Coords points="480,974 479,979 452,979 453,1020 506,1019 516,1025 525,1025 527,1025 536,1019 554,1018 553,972 528,972 524,977 506,978 504,973"/>
          <TextEquiv conf="0.6536535">
            <Unicode>whoſe</Unicode>
          </TextEquiv>
        </Word>
        <Word id="region0001_line0010_word0002" custom="readingOrder {index:2;}">
          <Coords points="578,972 580,1018 594,1018 620,1021 622,1023 656,1022 658,1020 669,1018 690,1017 688,970 686,969 686,969 674,972 673,969 652,970 650,974 636,974 633,970 612,971 609,976 602,977 600,971"/>
          <TextEquiv conf="0.8247283">
            <Unicode>height</Unicode>
          </TextEquiv>
        </Word>
        <Word id="region0001_line0010_word0003" custom="readingOrder {index:3;}">
          <Coords points="712,971 714,1007 743,1006 741,972 734,973 731,970"/>
          <TextEquiv conf="0.8247283">
            <Unicode>is</Unicode>
          </TextEquiv>
        </Word>
        <Word id="region0001_line0010_word0004" custom="readingOrder {index:4;}">
          <Coords points="780,966 778,969 768,972 764,972 766,1004 819,1002 817,972 804,972 800,965"/>
          <TextEquiv conf="0.9227245">
            <Unicode>the</Unicode>
          </TextEquiv>
        </Word>
        <Word id="word_1655454727534_872" custom="readingOrder {index:5;}">
          <Coords points="851,962 864,955 871,954 912,959 982,969 1010,989 1011,1005 984,1015 865,1019 848,1014 847,971"/>
          <TextEquiv>
            <Unicode>diſtance,</Unicode>
          </TextEquiv>
        </Word>
        <Word id="region0001_line0010_word0007" custom="readingOrder {index:6;}">
          <Coords points="1044,993 1078,992 1077,968 1065,968 1058,964 1048,964 1045,967 1043,967"/>
          <TextEquiv conf="0.71883726">
            <Unicode>to</Unicode>
          </TextEquiv>
        </Word>
        <Word id="region0001_line0010_word0008" custom="readingOrder {index:7;}">
          <Coords points="1100,993 1200,990 1199,958 1199,958 1195,956 1181,958 1175,968 1172,968 1164,958 1154,959 1149,963 1146,959 1138,958 1129,969 1105,970 1099,970"/>
          <TextEquiv conf="0.58526236">
            <Unicode>which</Unicode>
          </TextEquiv>
        </Word>
        <Word id="region0001_line0010_word0009" custom="readingOrder {index:8;}">
          <Coords points="1225,990 1279,988 1278,966 1263,966 1260,957 1255,954 1246,954 1239,963 1228,966 1224,966"/>
          <TextEquiv conf="0.9032442">
            <Unicode>the</Unicode>
          </TextEquiv>
        </Word>
        <Word id="region0001_line0010_word0010" custom="readingOrder {index:9;}">
          <Coords points="1300,987 1473,981 1472,957 1443,959 1440,948 1436,946 1375,948 1371,950 1369,959 1343,956 1299,962"/>
          <TextEquiv>
            <Unicode>attractive</Unicode>
          </TextEquiv>
        </Word>
        <Word id="region0001_line0010_word0011" custom="readingOrder {index:10;}">
          <Coords points="1496,990 1606,986 1604,951 1494,956"/>
          <TextEquiv conf="0.88942724">
            <Unicode>power</Unicode>
          </TextEquiv>
        </Word>
        <TextEquiv>
          <Unicode>„and whoſe height is the diſtance, to which the attractive power</Unicode>
        </TextEquiv>
      </TextLine>
      <TextLine id="region0001_line0011" custom="readingOrder {index:10;}">
        <Coords points="399,1024 385,1026 382,1036 340,1040 333,1051 318,1052 318,1088 412,1087 416,1085 418,1078 465,1076 542,1076 544,1081 552,1085 563,1085 573,1076 717,1071 810,1069 830,1077 880,1075 907,1069 954,1066 1096,1067 1206,1063 1245,1065 1248,1070 1261,1072 1269,1070 1272,1064 1327,1059 1511,1053 1520,1059 1534,1056 1537,1052 1619,1046 1619,1029 1618,1011 1598,1008 1596,1000 1586,996 1575,997 1571,1008 1382,1015 1377,1006 1366,1005 1361,1008 1356,1016 1197,1023 1080,1022 1075,1021 1067,1013 1053,1014 1044,1022 992,1025 959,1024 952,1018 942,1015 894,1017 885,1022 868,1025 868,1040 848,1042 845,1024 840,1019 805,1019 796,1026 786,1027 784,1020 779,1017 763,1021 760,1029 723,1029 717,1024 707,1024 701,1029 632,1033 620,1022 612,1022 608,1032 600,1033 596,1020 582,1018 536,1020 524,1027 513,1027 507,1022 482,1024 473,1027 469,1033 462,1033 458,1023 444,1023 441,1026 430,1022"/>
        <Baseline points="318,1078 464,1066 805,1060 852,1065 933,1056 1255,1054 1619,1036"/>
        <Word id="region0001_line0011_word0000" custom="readingOrder {index:0;}">
          <Coords points="344,1079 414,1077 412,1030 383,1030 382,1036 342,1039"/>
          <TextEquiv>
            <Unicode>„of</Unicode>
          </TextEquiv>
        </Word>
        <Word id="region0001_line0011_word0001" custom="readingOrder {index:1;}">
          <Coords points="424,1030 426,1067 478,1065 476,1028 472,1028 469,1033 462,1033 460,1028"/>
          <TextEquiv conf="0.9176939">
            <Unicode>the</Unicode>
          </TextEquiv>
        </Word>
        <Word id="region0001_line0011_word0002" custom="readingOrder {index:2;}">
          <Coords points="492,1026 494,1076 593,1073 591,1023 527,1024 524,1027 513,1027 511,1025"/>
          <TextEquiv>
            <Unicode>Glaſs</Unicode>
          </TextEquiv>
        </Word>
        <Word id="region0001_line0011_word0003" custom="readingOrder {index:3;}">
          <Coords points="610,1024 610,1026 611,1059 641,1058 640,1032 632,1033 622,1024"/>
          <TextEquiv conf="0.90604043">
            <Unicode>is</Unicode>
          </TextEquiv>
        </Word>
        <Word id="region0001_line0011_word0004" custom="readingOrder {index:4;}">
          <Coords points="776,1017 763,1021 760,1029 723,1029 717,1024 707,1024 701,1029 659,1031 661,1067 853,1060 852,1041 848,1042 845,1024 840,1019 805,1019 796,1026 786,1027 784,1020 779,1017"/>
          <TextEquiv>
            <Unicode>extended.„</Unicode>
          </TextEquiv>
        </Word>
        <Word id="region0001_line0011_word0005" custom="readingOrder {index:5;}">
          <Coords points="906,1051 1149,1043 1148,1022 1080,1022 1075,1021 1067,1013 1053,1014 1044,1022 992,1025 959,1024 952,1018 942,1015 905,1016"/>
          <TextEquiv conf="0.8887899">
            <Unicode>Demonſtrare</Unicode>
          </TextEquiv>
        </Word>
        <Word id="region0001_line0011_word0006" custom="readingOrder {index:6;}">
          <Coords points="1174,1052 1297,1048 1296,1018 1197,1023 1172,1022"/>
          <TextEquiv conf="0.8961308">
            <Unicode>nempe</Unicode>
          </TextEquiv>
        </Word>
        <Word id="region0001_line0011_word0007" custom="readingOrder {index:7;}">
          <Coords points="1319,1035 1393,1032 1392,1014 1382,1015 1377,1006 1366,1005 1361,1008 1356,1016 1318,1017"/>
          <TextEquiv conf="0.8950789">
            <Unicode>vult</Unicode>
          </TextEquiv>
        </Word>
        <Word id="region0001_line0011_word0008" custom="readingOrder {index:8;}">
          <Coords points="1409,1032 1452,1030 1451,1012 1408,1014"/>
          <TextEquiv conf="0.92496216">
            <Unicode>ex</Unicode>
          </TextEquiv>
        </Word>
        <Word id="region0001_line0011_word0009" custom="readingOrder {index:9;}">
          <Coords points="1470,1041 1607,1036 1606,1009 1598,1008 1596,1000 1586,996 1575,997 1571,1008 1469,1011"/>
          <TextEquiv conf="0.92496216">
            <Unicode>experi-</Unicode>
          </TextEquiv>
        </Word>
        <TextEquiv>
          <Unicode>„of the Glaſs is extended.„ Demonſtrare nempe vult ex experi-</Unicode>
        </TextEquiv>
      </TextLine>
      <TextLine id="region0001_line0012" custom="readingOrder {index:11;}">
        <Coords points="440,1078 434,1086 318,1090 319,1131 1161,1114 1172,1125 1184,1119 1193,1119 1200,1124 1224,1118 1232,1125 1300,1125 1320,1113 1330,1115 1336,1122 1347,1122 1353,1114 1370,1115 1396,1110 1411,1110 1415,1117 1421,1119 1434,1117 1439,1109 1460,1107 1574,1103 1608,1107 1619,1105 1619,1086 1618,1070 1613,1062 1587,1061 1579,1051 1568,1052 1562,1062 1539,1060 1537,1056 1519,1060 1509,1055 1501,1062 1468,1066 1414,1068 1403,1058 1387,1059 1378,1068 1340,1072 1301,1070 1214,1073 1206,1064 1189,1065 1181,1074 1143,1075 965,1076 956,1067 930,1068 925,1077 835,1080 824,1079 819,1073 810,1070 797,1072 791,1079 738,1081 729,1072 709,1072 703,1073 698,1081 667,1084 661,1075 647,1075 642,1083 637,1074 621,1075 616,1083 552,1086 459,1087 452,1078"/>
        <Baseline points="319,1122 1161,1104 1271,1116 1456,1097 1619,1094"/>
        <Word id="region0001_line0012_word0000" custom="readingOrder {index:0;}">
          <Coords points="434,1085 434,1086 345,1089 346,1123 469,1119 468,1086 459,1087 456,1084"/>
          <TextEquiv conf="0.90443563">
            <Unicode>mentis</Unicode>
          </TextEquiv>
        </Word>
        <Word id="region0001_line0012_word0001" custom="readingOrder {index:1;}">
          <Coords points="492,1093 567,1091 567,1115 492,1117"/>
          <TextEquiv conf="0.89912224">
            <Unicode>cum</Unicode>
          </TextEquiv>
        </Word>
        <Word id="region0001_line0012_word0002" custom="readingOrder {index:2;}">
          <Coords points="618,1078 616,1083 586,1084 587,1115 676,1112 675,1083 667,1084 662,1077 645,1078 642,1083 639,1078"/>
          <TextEquiv conf="0.874974">
            <Unicode>tubis</Unicode>
          </TextEquiv>
        </Word>
        <Word id="region0001_line0012_word0003" custom="readingOrder {index:3;}">
          <Coords points="701,1076 698,1081 697,1081 698,1111 902,1104 901,1078 835,1080 824,1079 819,1073 816,1072 796,1073 791,1079 738,1081 732,1075"/>
          <TextEquiv conf="0.90443945">
            <Unicode>diuerſarum</Unicode>
          </TextEquiv>
        </Word>
        <Word id="region0001_line0012_word0004" custom="readingOrder {index:4;}">
          <Coords points="929,1069 925,1077 920,1077 921,1103 1154,1095 1153,1074 1143,1075 965,1076 957,1068"/>
          <TextEquiv conf="0.83776736">
            <Unicode>diametrorum</Unicode>
          </TextEquiv>
        </Word>
        <Word id="region0001_line0012_word0005" custom="readingOrder {index:5;}">
          <Coords points="1177,1109 1264,1106 1263,1071 1214,1073 1206,1064 1189,1065 1181,1074 1176,1074"/>
          <TextEquiv>
            <Unicode>figg.</Unicode>
          </TextEquiv>
        </Word>
        <Word id="region0001_line0012_word0006" custom="readingOrder {index:6;}">
          <Coords points="1276,1101 1313,1099 1312,1070 1301,1070 1275,1070"/>
          <TextEquiv conf="0.78219956">
            <Unicode>3.</Unicode>
          </TextEquiv>
        </Word>
        <Word id="region0001_line0012_word0007" custom="readingOrder {index:7;}">
          <Coords points="1329,1099 1365,1097 1364,1069 1340,1072 1328,1071"/>
          <TextEquiv conf="0.84329635">
            <Unicode>4.</Unicode>
          </TextEquiv>
        </Word>
        <Word id="region0001_line0012_word0008" custom="readingOrder {index:8;}">
          <Coords points="1383,1097 1477,1094 1476,1064 1468,1066 1414,1068 1403,1058 1387,1059 1382,1063"/>
          <TextEquiv conf="0.90662795">
            <Unicode>ſupra</Unicode>
          </TextEquiv>
        </Word>
        <Word id="region0001_line0012_word0009" custom="readingOrder {index:9;}">
          <Coords points="1494,1088 1615,1084 1614,1064 1613,1062 1587,1061 1579,1051 1568,1052 1562,1062 1539,1060 1537,1056 1519,1060 1509,1055 1501,1062 1493,1062"/>
          <TextEquiv conf="0.8449224">
            <Unicode>allatis,</Unicode>
          </TextEquiv>
        </Word>
        <TextEquiv>
          <Unicode>mentis cum tubis diuerſarum diametrorum figg. 3. 4. ſupra allatis,</Unicode>
        </TextEquiv>
      </TextLine>
      <TextLine id="region0001_line0013" custom="readingOrder {index:12;}">
        <Coords points="442,1129 433,1136 318,1140 318,1180 494,1179 542,1182 671,1175 692,1178 695,1184 703,1186 717,1184 720,1177 813,1171 858,1173 1038,1167 1212,1166 1233,1166 1238,1173 1244,1174 1253,1173 1259,1164 1356,1162 1404,1166 1438,1162 1462,1163 1469,1157 1618,1151 1619,1114 1582,1112 1574,1104 1549,1105 1543,1113 1529,1115 1505,1115 1498,1107 1487,1107 1480,1116 1430,1119 1368,1120 1363,1115 1353,1115 1347,1123 1336,1123 1330,1116 1320,1114 1300,1126 1261,1127 1232,1126 1224,1119 1200,1125 1193,1120 1184,1120 1172,1126 1161,1115 1151,1118 1147,1124 1100,1125 1096,1118 1087,1116 1077,1117 1074,1125 1047,1126 1040,1118 1032,1117 1026,1118 1021,1126 1004,1127 955,1128 950,1119 936,1119 930,1128 924,1129 910,1128 905,1119 890,1120 885,1129 798,1131 793,1122 779,1123 773,1132 609,1138 497,1138 482,1137 477,1129"/>
        <Baseline points="318,1172 1390,1154 1618,1142"/>
        <Word id="region0001_line0013_word0000" custom="readingOrder {index:0;}">
          <Coords points="348,1139 349,1173 581,1165 580,1138 497,1138 482,1137 480,1134"/>
          <TextEquiv conf="0.9016386">
            <Unicode>attractionem</Unicode>
          </TextEquiv>
        </Word>
        <Word id="region0001_line0013_word0001" custom="readingOrder {index:1;}">
          <Coords points="605,1140 674,1137 675,1161 606,1164"/>
          <TextEquiv conf="0.88533586">
            <Unicode>non</Unicode>
          </TextEquiv>
        </Word>
        <Word id="region0001_line0013_word0002" custom="readingOrder {index:2;}">
          <Coords points="700,1171 852,1166 851,1129 798,1131 793,1122 779,1123 773,1132 699,1134"/>
          <TextEquiv conf="0.90371615">
            <Unicode>pendere</Unicode>
          </TextEquiv>
        </Word>
        <Word id="region0001_line0013_word0003" custom="readingOrder {index:3;}">
          <Coords points="900,1119 890,1120 885,1129 872,1129 873,1155 915,1154 914,1128 910,1128 905,1119"/>
          <TextEquiv conf="0.917672">
            <Unicode>ab</Unicode>
          </TextEquiv>
        </Word>
        <Word id="region0001_line0013_word0004" custom="readingOrder {index:4;}">
          <Coords points="937,1153 1093,1148 1092,1117 1087,1116 1077,1117 1074,1125 1047,1126 1040,1118 1032,1117 1026,1118 1021,1126 1004,1127 955,1128 950,1119 936,1119"/>
          <TextEquiv conf="0.8891447">
            <Unicode>interiori</Unicode>
          </TextEquiv>
        </Word>
        <Word id="region0001_line0013_word0005" custom="readingOrder {index:5;}">
          <Coords points="1117,1146 1190,1144 1189,1120 1184,1120 1172,1126 1161,1115 1151,1118 1147,1124 1116,1124"/>
          <TextEquiv conf="0.9263897">
            <Unicode>tubi</Unicode>
          </TextEquiv>
        </Word>
        <Word id="region0001_line0013_word0006" custom="readingOrder {index:6;}">
          <Coords points="1202,1154 1407,1147 1405,1119 1368,1120 1363,1115 1353,1115 1347,1123 1336,1123 1330,1116 1320,1114 1300,1126 1261,1127 1232,1126 1224,1119 1201,1124"/>
          <TextEquiv>
            <Unicode>ſuperficie,</Unicode>
          </TextEquiv>
        </Word>
        <Word id="region0001_line0013_word0007" custom="readingOrder {index:7;}">
          <Coords points="1437,1145 1515,1142 1513,1115 1505,1115 1498,1107 1487,1107 1480,1116 1435,1118"/>
          <TextEquiv conf="0.9179126">
            <Unicode>quia</Unicode>
          </TextEquiv>
        </Word>
        <Word id="region0001_line0013_word0008" custom="readingOrder {index:8;}">
          <Coords points="1533,1130 1609,1127 1608,1113 1582,1112 1574,1104 1549,1105 1543,1113 1532,1114"/>
          <TextEquiv conf="0.92521197">
            <Unicode>alias</Unicode>
          </TextEquiv>
        </Word>
        <TextEquiv>
          <Unicode>attractionem non pendere ab interiori tubi ſuperficie, quia alias</Unicode>
        </TextEquiv>
      </TextLine>
      <TextLine id="region0001_line0014" custom="readingOrder {index:13;}">
        <Coords points="461,1182 454,1190 401,1188 319,1190 318,1232 388,1233 395,1242 406,1243 413,1242 417,1234 497,1234 628,1229 638,1240 656,1236 662,1241 744,1238 750,1232 797,1225 847,1223 893,1225 900,1229 917,1224 951,1223 958,1233 965,1233 976,1231 981,1222 1036,1220 1037,1228 1043,1232 1080,1230 1090,1224 1102,1231 1121,1232 1181,1229 1187,1217 1226,1216 1232,1226 1247,1227 1252,1222 1254,1215 1263,1214 1286,1214 1311,1223 1323,1214 1406,1213 1455,1207 1619,1200 1619,1161 1568,1163 1556,1153 1540,1154 1534,1163 1515,1164 1480,1165 1473,1158 1462,1164 1443,1163 1442,1166 1426,1167 1337,1170 1331,1164 1318,1163 1314,1165 1313,1172 1277,1174 1271,1165 1259,1165 1253,1174 1244,1175 1220,1173 1212,1167 1196,1168 1194,1173 1103,1176 1101,1170 1094,1167 1038,1168 1026,1169 1024,1176 1004,1179 908,1180 899,1171 888,1173 883,1181 846,1182 824,1182 816,1173 800,1173 794,1182 736,1188 726,1184 684,1186 680,1178 671,1176 653,1179 648,1187 641,1188 532,1192 479,1191 473,1182"/>
        <Baseline points="318,1223 623,1219 674,1228 861,1213 1049,1210 1130,1222 1163,1216"/>
        <Word id="region0001_line0014_word0000" custom="readingOrder {index:0;}">
          <Coords points="351,1196 351,1232 388,1233 392,1238 415,1237 417,1234 497,1234 623,1229 623,1188 532,1192 493,1191"/>
          <TextEquiv conf="0.8891103">
            <Unicode>experimentum</Unicode>
          </TextEquiv>
        </Word>
        <Word id="region0001_line0014_word0001" custom="readingOrder {index:1;}">
          <Coords points="651,1181 648,1187 641,1188 638,1188 639,1231 708,1229 707,1184 684,1186 681,1180"/>
          <TextEquiv conf="0.26669282">
            <Unicode>fig.</Unicode>
          </TextEquiv>
        </Word>
        <Word id="region0001_line0014_word0002" custom="readingOrder {index:2;}">
          <Coords points="724,1193 760,1192 761,1228 725,1229"/>
          <TextEquiv conf="0.8401236">
            <Unicode>4.</Unicode>
          </TextEquiv>
        </Word>
        <Word id="region0001_line0014_word0003" custom="readingOrder {index:3;}">
          <Coords points="796,1177 794,1182 785,1182 786,1213 826,1212 825,1182 824,1182 819,1177"/>
          <TextEquiv conf="0.9098221">
            <Unicode>ab</Unicode>
          </TextEquiv>
        </Word>
        <Word id="region0001_line0014_word0004" custom="readingOrder {index:4;}">
          <Coords points="886,1175 883,1181 849,1181 850,1221 914,1219 913,1179 908,1180 903,1175"/>
          <TextEquiv conf="0.3730014">
            <Unicode>eo,</Unicode>
          </TextEquiv>
        </Word>
        <Word id="region0001_line0014_word0005" custom="readingOrder {index:5;}">
          <Coords points="949,1221 1044,1218 1042,1170 1025,1170 1024,1176 1004,1179 948,1179"/>
          <TextEquiv conf="0.91184855">
            <Unicode>quod</Unicode>
          </TextEquiv>
        </Word>
        <Word id="region0001_line0014_word0006" custom="readingOrder {index:6;}">
          <Coords points="1056,1168 1058,1218 1130,1216 1128,1175 1103,1176 1101,1170 1094,1167 1074,1167"/>
          <TextEquiv conf="0.5440311">
            <Unicode>fig.</Unicode>
          </TextEquiv>
        </Word>
        <Word id="region0001_line0014_word0007" custom="readingOrder {index:7;}">
          <Coords points="1144,1219 1179,1218 1177,1173 1142,1174"/>
          <TextEquiv>
            <Unicode>3.</Unicode>
          </TextEquiv>
        </Word>
        <Word id="region0001_line0014_word0008" custom="readingOrder {index:8;}">
          <Coords points="1190,1213 1405,1205 1403,1167 1337,1170 1331,1164 1318,1163 1314,1165 1313,1172 1277,1174 1271,1165 1259,1165 1253,1174 1244,1175 1220,1173 1212,1167 1196,1168 1194,1173 1188,1173"/>
          <TextEquiv conf="0.8924891">
            <Unicode>depingitur,</Unicode>
          </TextEquiv>
        </Word>
        <Word id="region0001_line0014_word0009" custom="readingOrder {index:9;}">
          <Coords points="1539,1155 1534,1163 1515,1164 1480,1165 1473,1158 1462,1164 1443,1163 1442,1166 1437,1166 1439,1194 1610,1188 1609,1161 1568,1163 1558,1154"/>
          <TextEquiv conf="0.88983065">
            <Unicode>diuerſum</Unicode>
          </TextEquiv>
        </Word>
        <TextEquiv>
          <Unicode>experimentum fig. 4. ab eo, quod fig. 3. depingitur, diuerſum</Unicode>
        </TextEquiv>
      </TextLine>
      <TextLine id="region0001_line0015" custom="readingOrder {index:14;}">
        <Coords points="453,1234 444,1236 440,1243 319,1245 318,1286 496,1286 533,1288 538,1292 547,1292 552,1287 593,1283 689,1279 766,1279 782,1280 784,1286 791,1290 805,1288 809,1279 978,1275 984,1286 1001,1286 1007,1276 1309,1268 1579,1257 1619,1252 1619,1228 1616,1214 1540,1215 1533,1207 1522,1208 1515,1215 1429,1220 1412,1220 1407,1214 1392,1213 1376,1214 1373,1221 1337,1222 1331,1215 1323,1215 1314,1223 1307,1225 1286,1216 1283,1223 1279,1226 1231,1228 1205,1228 1198,1217 1187,1218 1181,1230 1121,1233 1102,1232 1090,1225 1080,1231 940,1234 931,1233 928,1228 923,1225 902,1229 898,1234 662,1242 656,1237 638,1241 628,1230 613,1231 611,1240 602,1241 592,1231 579,1231 569,1241 485,1246 472,1245 465,1235"/>
        <Baseline points="318,1277 540,1278 702,1268 1315,1258 1619,1242"/>
        <Word id="region0001_line0015_word0000" custom="readingOrder {index:0;}">
          <Coords points="354,1253 422,1251 423,1276 355,1278"/>
          <TextEquiv conf="0.90924853">
            <Unicode>non</Unicode>
          </TextEquiv>
        </Word>
        <Word id="region0001_line0015_word0001" custom="readingOrder {index:1;}">
          <Coords points="443,1240 444,1285 554,1281 552,1241 485,1246 472,1245 467,1239"/>
          <TextEquiv conf="0.89251864">
            <Unicode>foret,</Unicode>
          </TextEquiv>
        </Word>
        <Word id="region0001_line0015_word0002" custom="readingOrder {index:2;}">
          <Coords points="573,1237 574,1272 631,1270 629,1235 611,1235 611,1240 602,1241 597,1236"/>
          <TextEquiv conf="0.89251864">
            <Unicode>ſed</Unicode>
          </TextEquiv>
        </Word>
        <Word id="region0001_line0015_word0003" custom="readingOrder {index:3;}">
          <Coords points="647,1269 679,1268 678,1241 662,1242 656,1237 646,1239"/>
          <TextEquiv conf="0.91111267">
            <Unicode>in</Unicode>
          </TextEquiv>
        </Word>
        <Word id="region0001_line0015_word0004" custom="readingOrder {index:4;}">
          <Coords points="697,1241 848,1236 849,1273 698,1278"/>
          <TextEquiv conf="0.9010301">
            <Unicode>vtroque</Unicode>
          </TextEquiv>
        </Word>
        <Word id="region0001_line0015_word0005" custom="readingOrder {index:5;}">
          <Coords points="864,1262 937,1259 936,1233 931,1233 928,1228 923,1225 902,1229 898,1234 862,1235"/>
          <TextEquiv conf="0.9045955">
            <Unicode>caſu</Unicode>
          </TextEquiv>
        </Word>
        <Word id="region0001_line0015_word0006" custom="readingOrder {index:6;}">
          <Coords points="956,1270 1041,1267 1040,1231 955,1233"/>
          <TextEquiv conf="0.9045955">
            <Unicode>aqua</Unicode>
          </TextEquiv>
        </Word>
        <Word id="region0001_line0015_word0007" custom="readingOrder {index:7;}">
          <Coords points="1055,1254 1094,1253 1093,1226 1090,1225 1080,1231 1054,1231"/>
          <TextEquiv conf="0.9274145">
            <Unicode>ad</Unicode>
          </TextEquiv>
        </Word>
        <Word id="region0001_line0015_word0008" custom="readingOrder {index:8;}">
          <Coords points="1113,1253 1252,1248 1251,1227 1231,1228 1205,1228 1198,1217 1187,1218 1181,1230 1121,1233 1112,1232"/>
          <TextEquiv conf="0.71794236">
            <Unicode>eandem</Unicode>
          </TextEquiv>
        </Word>
        <Word id="region0001_line0015_word0009" custom="readingOrder {index:9;}">
          <Coords points="1273,1249 1486,1241 1485,1216 1429,1220 1412,1220 1407,1214 1392,1213 1376,1214 1373,1221 1337,1222 1331,1215 1323,1215 1314,1223 1307,1225 1286,1216 1283,1223 1279,1226 1272,1226"/>
          <TextEquiv conf="0.89463097">
            <Unicode>altitudinem</Unicode>
          </TextEquiv>
        </Word>
        <Word id="region0001_line0015_word0010" custom="readingOrder {index:10;}">
          <Coords points="1502,1240 1615,1236 1614,1214 1540,1215 1533,1207 1522,1208 1515,1215 1501,1215"/>
          <TextEquiv conf="0.88529485">
            <Unicode>aſcen-</Unicode>
          </TextEquiv>
        </Word>
        <TextEquiv conf="0.88553655">
          <Unicode>non foret, ſed in vtroque caſu aqua ad eandem altitudinem aſcen-</Unicode>
        </TextEquiv>
      </TextLine>
      <TextLine id="region0001_line0016" custom="readingOrder {index:15;}">
        <Coords points="362,1286 357,1297 318,1298 319,1339 463,1343 975,1331 977,1338 983,1342 997,1340 1001,1331 1357,1324 1367,1318 1366,1297 1363,1293 1328,1293 1327,1284 1321,1279 1108,1285 1101,1276 1091,1276 1084,1286 1076,1287 1073,1279 1067,1275 1049,1276 1041,1286 973,1288 970,1281 963,1276 949,1277 939,1288 935,1288 928,1279 918,1279 910,1288 905,1278 890,1279 885,1289 727,1292 719,1282 706,1283 701,1292 661,1294 642,1293 635,1283 621,1284 617,1294 437,1297 383,1296 378,1286"/>
        <Baseline points="319,1330 453,1333 1367,1314"/>
        <Word id="region0001_line0016_word0000" custom="readingOrder {index:0;}">
          <Coords points="360,1289 357,1297 353,1297 355,1336 463,1333 461,1296 437,1297 383,1296 379,1289"/>
          <TextEquiv conf="0.9146791">
            <Unicode>deret,</Unicode>
          </TextEquiv>
        </Word>
        <Word id="region0001_line0016_word0001" custom="readingOrder {index:1;}">
          <Coords points="477,1300 556,1297 556,1321 477,1324"/>
          <TextEquiv conf="0.92055696">
            <Unicode>cum</Unicode>
          </TextEquiv>
        </Word>
        <Word id="region0001_line0016_word0002" custom="readingOrder {index:2;}">
          <Coords points="573,1322 691,1318 690,1292 661,1294 642,1293 635,1283 621,1284 617,1294 572,1294"/>
          <TextEquiv conf="0.89284307">
            <Unicode>eadem</Unicode>
          </TextEquiv>
        </Word>
        <Word id="region0001_line0016_word0003" custom="readingOrder {index:3;}">
          <Coords points="708,1318 838,1314 837,1289 727,1292 719,1282 707,1282"/>
          <TextEquiv conf="0.8571409">
            <Unicode>interna</Unicode>
          </TextEquiv>
        </Word>
        <Word id="region0001_line0016_word0004" custom="readingOrder {index:4;}">
          <Coords points="857,1312 927,1310 926,1279 918,1279 910,1288 905,1278 890,1279 885,1289 856,1289"/>
          <TextEquiv conf="0.9056784">
            <Unicode>tubi</Unicode>
          </TextEquiv>
        </Word>
        <Word id="region0001_line0016_word0005" custom="readingOrder {index:5;}">
          <Coords points="945,1321 1139,1314 1138,1284 1108,1285 1101,1276 1091,1276 1084,1286 1076,1287 1073,1279 1067,1275 1049,1276 1041,1286 973,1288 970,1281 963,1276 949,1277 943,1283"/>
          <TextEquiv>
            <Unicode>ſuperficies</Unicode>
          </TextEquiv>
        </Word>
        <Word id="region0001_line0016_word0006" custom="readingOrder {index:6;}">
          <Coords points="1161,1302 1306,1297 1305,1279 1160,1283"/>
          <TextEquiv conf="0.9116983">
            <Unicode>maneat.</Unicode>
          </TextEquiv>
        </Word>
        <TextEquiv>
          <Unicode>deret, cum eadem interna tubi ſuperficies maneat.</Unicode>
        </TextEquiv>
      </TextLine>
      <TextEquiv>
        <Unicode>ſum cedat, vbi ab annulo proxime ſequenti vitreo interno attra-&#13;
hatur, et ſic porro. Suſtentationem vero in ſola vitri peripheria&#13;
ea quaerit, quam ſumma ſuperficies cylindri aquei tangit; quam&#13;
ſententiam monitu quorundam amicorum ita corrigit ſub finem li-&#13;
belli ſupra allati, vt loco peripheriae aſſumat tenuem ſuperficiem,&#13;
cuius baſis ſit peripheria ſumma aquae in tubo, altitudo vero di-&#13;
ſtantia, ad quam extenditur vis attractiua vitri: „That, inquit,&#13;
„what I call a Periphery, or Section of the concave Surface of&#13;
„the Tube, is really a ſmall ſurface, whoſe Baſe is that Periphery,&#13;
„and whoſe height is the diſtance, to which the attractive power&#13;
„of the Glaſs is extended.„ Demonſtrare nempe vult ex experi-&#13;
mentis cum tubis diuerſarum diametrorum figg. 3. 4. ſupra allatis,&#13;
attractionem non pendere ab interiori tubi ſuperficie, quia alias&#13;
experimentum fig. 4. ab eo, quod fig. 3. depingitur, diuerſum&#13;
non foret, ſed in vtroque caſu aqua ad eandem altitudinem aſcen-&#13;
deret, cum eadem interna tubi ſuperficies maneat.</Unicode>
      </TextEquiv>
    </TextRegion>
    <TextRegion orientation="1.9642612" type="heading" readingDirection="left-to-right" id="region0002" custom="readingOrder {index:1;} structure {type:heading;}">
      <Coords points="860,1368 1114,1368 1114,1426 860,1426"/>
      <TextLine id="region0002_line0001" custom="readingOrder {index:0;}">
        <Coords points="860,1369 860,1426 933,1426 994,1418 1114,1417 1113,1368"/>
        <Baseline points="860,1418 1114,1406"/>
        <Word id="region0002_line0001_word0000" custom="readingOrder {index:0;}">
          <Coords points="899,1385 865,1386 865,1426 899,1426"/>
          <TextEquiv>
            <Unicode>§.</Unicode>
          </TextEquiv>
        </Word>
        <Word id="region0002_line0001_word0001" custom="readingOrder {index:1;}">
          <Coords points="1109,1374 956,1380 956,1413 994,1409 1109,1408"/>
          <TextEquiv>
            <Unicode>XVIII.</Unicode>
          </TextEquiv>
        </Word>
        <TextEquiv>
          <Unicode>§. XVIII.</Unicode>
        </TextEquiv>
      </TextLine>
      <TextEquiv>
        <Unicode>§. XVIII.</Unicode>
      </TextEquiv>
    </TextRegion>
    <TextRegion orientation="1.9642612" readingDirection="left-to-right" id="region0003" custom="readingOrder {index:2;}">
      <Coords points="349,1414 1669,1414 1673,2387 353,2405"/>
      <TextLine id="region0003_line0001" custom="readingOrder {index:0;}">
        <Coords points="407,1440 402,1445 403,1473 409,1478 409,1489 414,1494 996,1486 1005,1486 1011,1479 1017,1479 1022,1482 1029,1481 1035,1493 1042,1487 1107,1484 1148,1485 1154,1492 1179,1483 1303,1478 1315,1482 1320,1478 1338,1479 1469,1472 1474,1477 1484,1479 1497,1470 1509,1468 1669,1459 1669,1442 1668,1427 1609,1426 1608,1414 1581,1414 1554,1415 1552,1426 1490,1428 1485,1419 1472,1418 1464,1421 1456,1429 1412,1432 1407,1424 1390,1421 1384,1432 1338,1433 1315,1437 1279,1437 1276,1430 1271,1426 1260,1427 1252,1437 1212,1438 1207,1431 1185,1426 1173,1428 1170,1439 1095,1441 1089,1434 1081,1431 1070,1432 1067,1441 995,1444 993,1436 988,1431 898,1433 863,1443 853,1435 827,1433 817,1444 740,1447 731,1446 724,1437 717,1434 707,1436 703,1446 671,1445 661,1435 648,1438 643,1447 613,1448 605,1436 597,1435 586,1436 578,1447 515,1447 504,1440 490,1438"/>
        <Baseline points="409,1484 1153,1474 1669,1450"/>
        <Word id="region0003_line0001_word0000" custom="readingOrder {index:0;}">
          <Coords points="463,1446 465,1485 682,1478 680,1445 671,1445 665,1439 646,1440 643,1447 613,1448 608,1441 581,1442 578,1447 515,1447 510,1444"/>
          <TextEquiv conf="0.8928613">
            <Unicode>Recenſenda</Unicode>
          </TextEquiv>
        </Word>
        <Word id="region0003_line0001_word0001" custom="readingOrder {index:1;}">
          <Coords points="710,1440 712,1477 775,1474 773,1445 740,1447 731,1446 725,1439"/>
          <TextEquiv conf="0.9053132">
            <Unicode>iam</Unicode>
          </TextEquiv>
        </Word>
        <Word id="region0003_line0001_word0002" custom="readingOrder {index:2;}">
          <Coords points="824,1436 817,1444 798,1444 800,1474 884,1471 882,1437 863,1443 853,1435"/>
          <TextEquiv conf="0.85225874">
            <Unicode>eſſet</Unicode>
          </TextEquiv>
        </Word>
        <Word id="region0003_line0001_word0003" custom="readingOrder {index:3;}">
          <Coords points="900,1433 902,1476 1088,1470 1086,1432 1081,1431 1070,1432 1067,1441 995,1444 993,1436 988,1431 904,1432"/>
          <TextEquiv conf="0.6812398">
            <Unicode>Bulfingeri</Unicode>
          </TextEquiv>
        </Word>
        <Word id="region0003_line0001_word0004" custom="readingOrder {index:4;}">
          <Coords points="1110,1473 1316,1466 1314,1437 1279,1437 1276,1430 1271,1426 1260,1427 1252,1437 1212,1438 1207,1431 1185,1426 1173,1428 1170,1439 1108,1440"/>
          <TextEquiv conf="0.9194377">
            <Unicode>explicatio,</Unicode>
          </TextEquiv>
        </Word>
        <Word id="region0003_line0001_word0005" custom="readingOrder {index:5;}">
          <Coords points="1347,1453 1445,1449 1444,1429 1412,1432 1407,1424 1390,1421 1384,1432 1346,1432"/>
          <TextEquiv conf="0.8595639">
            <Unicode>cuius</Unicode>
          </TextEquiv>
        </Word>
        <Word id="region0003_line0001_word0006" custom="readingOrder {index:6;}">
          <Coords points="1464,1461 1555,1458 1554,1415 1554,1415 1552,1426 1490,1428 1485,1419 1472,1418 1464,1421 1462,1423"/>
          <TextEquiv conf="0.9003067">
            <Unicode>ſpem</Unicode>
          </TextEquiv>
        </Word>
        <Word id="region0003_line0001_word0007" custom="readingOrder {index:7;}">
          <Coords points="1572,1446 1627,1444 1626,1426 1609,1426 1608,1414 1581,1414 1571,1414"/>
          <TextEquiv conf="0.88284945">
            <Unicode>fe-</Unicode>
          </TextEquiv>
        </Word>
        <TextEquiv conf="0.86172885">
          <Unicode>Recenſenda iam eſſet Bulfingeri explicatio, cuius ſpem fe-</Unicode>
        </TextEquiv>
      </TextLine>
      <TextLine id="region0003_line0002" custom="readingOrder {index:1;}">
        <Coords points="480,1493 473,1501 349,1504 350,1547 515,1544 531,1546 535,1553 551,1555 559,1553 562,1546 862,1539 904,1536 908,1539 949,1540 1095,1538 1350,1528 1374,1533 1427,1534 1445,1531 1455,1535 1467,1535 1476,1530 1478,1521 1668,1514 1669,1471 1669,1460 1633,1461 1578,1467 1571,1476 1528,1476 1521,1469 1509,1469 1503,1474 1497,1471 1484,1480 1462,1474 1403,1476 1398,1481 1397,1489 1392,1484 1341,1486 1339,1480 1330,1478 1320,1479 1315,1483 1297,1480 1291,1488 1207,1493 1201,1484 1188,1483 1182,1492 1178,1485 1161,1489 1156,1493 1126,1494 1034,1496 1029,1482 1022,1483 1017,1480 1011,1480 1005,1487 983,1487 977,1494 947,1497 850,1498 845,1497 840,1488 825,1489 820,1497 758,1499 754,1489 709,1490 686,1490 681,1500 667,1501 598,1503 591,1492 578,1493 573,1502 522,1502 500,1502 493,1493"/>
        <Baseline points="350,1537 1312,1518 1403,1523 1476,1512 1669,1504"/>
        <Word id="region0003_line0002_word0000" custom="readingOrder {index:0;}">
          <Coords points="364,1514 458,1510 459,1537 365,1541"/>
          <TextEquiv conf="0.89567953">
            <Unicode>cerat</Unicode>
          </TextEquiv>
        </Word>
        <Word id="region0003_line0002_word0001" custom="readingOrder {index:1;}">
          <Coords points="481,1500 482,1534 514,1533 513,1502 500,1502 497,1498"/>
          <TextEquiv conf="0.89567953">
            <Unicode>in</Unicode>
          </TextEquiv>
        </Word>
        <Word id="region0003_line0002_word0002" custom="readingOrder {index:2;}">
          <Coords points="574,1498 573,1502 539,1502 541,1545 659,1541 657,1501 598,1503 594,1497"/>
          <TextEquiv conf="0.9274711">
            <Unicode>priore</Unicode>
          </TextEquiv>
        </Word>
        <Word id="region0003_line0002_word0003" custom="readingOrder {index:3;}">
          <Coords points="683,1494 681,1500 678,1500 679,1531 944,1522 943,1497 850,1498 845,1497 840,1489 824,1490 820,1497 758,1499 755,1492"/>
          <TextEquiv conf="0.8947888">
            <Unicode>diſſertationum</Unicode>
          </TextEquiv>
        </Word>
        <Word id="region0003_line0002_word0004" custom="readingOrder {index:4;}">
          <Coords points="969,1522 1137,1516 1136,1493 1126,1494 1034,1496 1029,1482 1022,1483 1017,1480 1011,1480 1005,1487 983,1487 977,1494 968,1494"/>
          <TextEquiv conf="0.8786807">
            <Unicode>allatarum</Unicode>
          </TextEquiv>
        </Word>
        <Word id="region0003_line0002_word0005" custom="readingOrder {index:5;}">
          <Coords points="1166,1514 1215,1512 1214,1492 1207,1493 1201,1484 1188,1483 1182,1492 1178,1485 1165,1488"/>
          <TextEquiv conf="0.9085009">
            <Unicode>his</Unicode>
          </TextEquiv>
        </Word>
        <Word id="region0003_line0002_word0006" custom="readingOrder {index:6;}">
          <Coords points="1238,1511 1369,1506 1368,1484 1341,1486 1339,1480 1330,1478 1320,1479 1315,1483 1297,1480 1291,1488 1237,1491"/>
          <TextEquiv conf="0.9127615">
            <Unicode>verbis:</Unicode>
          </TextEquiv>
        </Word>
        <Word id="word_1655454914132_949" custom="readingOrder {index:7;}">
          <Coords points="1405,1497 1431,1475 1509,1469 1521,1469 1522,1470 1523,1514 1432,1517 1405,1513"/>
          <TextEquiv>
            <Unicode>„Quid</Unicode>
          </TextEquiv>
        </Word>
        <Word id="region0003_line0002_word0009" custom="readingOrder {index:8;}">
          <Coords points="1544,1501 1628,1498 1627,1462 1622,1462 1578,1467 1571,1476 1543,1476"/>
          <TextEquiv conf="0.9238424">
            <Unicode>mihi</Unicode>
          </TextEquiv>
        </Word>
        <TextEquiv>
          <Unicode>cerat in priore diſſertationum allatarum his verbis: „Quid mihi</Unicode>
        </TextEquiv>
      </TextLine>
      <TextLine id="region0003_line0003" custom="readingOrder {index:2;}">
        <Coords points="412,1548 407,1556 377,1558 364,1567 350,1568 350,1603 431,1596 484,1595 601,1597 603,1604 608,1606 623,1605 627,1597 935,1590 1118,1590 1139,1591 1144,1595 1154,1595 1160,1590 1186,1588 1201,1597 1209,1596 1214,1585 1243,1583 1275,1584 1280,1593 1295,1594 1304,1583 1314,1582 1668,1569 1669,1529 1669,1526 1621,1527 1619,1522 1611,1517 1599,1517 1594,1523 1588,1518 1576,1519 1569,1529 1544,1530 1539,1521 1525,1522 1519,1532 1503,1534 1455,1536 1445,1532 1401,1538 1323,1540 1317,1530 1302,1530 1297,1541 1152,1547 1126,1545 1119,1538 1106,1538 1099,1546 1021,1548 1019,1541 1013,1538 998,1539 989,1548 922,1549 914,1549 912,1543 904,1537 888,1540 886,1548 827,1550 825,1542 821,1540 759,1542 752,1549 726,1552 656,1555 456,1555 449,1547 435,1547 431,1550 427,1547"/>
        <Baseline points="350,1593 469,1586 1144,1581 1668,1560"/>
        <Word id="region0003_line0003_word0000" custom="readingOrder {index:0;}">
          <Coords points="407,1554 407,1556 377,1558 366,1565 367,1593 544,1587 543,1555 456,1555 454,1553"/>
          <TextEquiv>
            <Unicode>„videatur</Unicode>
          </TextEquiv>
        </Word>
        <Word id="region0003_line0003_word0001" custom="readingOrder {index:1;}">
          <Coords points="561,1560 730,1554 732,1590 563,1596"/>
          <TextEquiv conf="0.8929199">
            <Unicode>exponam</Unicode>
          </TextEquiv>
        </Word>
        <Word id="region0003_line0003_word0002" custom="readingOrder {index:2;}">
          <Coords points="750,1579 978,1572 977,1548 922,1549 914,1549 912,1543 904,1537 888,1540 886,1548 827,1550 825,1542 821,1540 759,1542 752,1549 749,1549"/>
          <TextEquiv conf="0.8031601">
            <Unicode>diſſertatione</Unicode>
          </TextEquiv>
        </Word>
        <Word id="region0003_line0003_word0003" custom="readingOrder {index:3;}">
          <Coords points="995,1576 1156,1570 1155,1546 1152,1547 1126,1545 1119,1538 1106,1538 1099,1546 1021,1548 1019,1541 1013,1538 998,1539 994,1542"/>
          <TextEquiv conf="0.91148406">
            <Unicode>ſecunda,</Unicode>
          </TextEquiv>
        </Word>
        <Word id="region0003_line0003_word0004" custom="readingOrder {index:4;}">
          <Coords points="1179,1575 1267,1572 1266,1542 1178,1545"/>
          <TextEquiv>
            <Unicode>quae</Unicode>
          </TextEquiv>
        </Word>
        <Word id="region0003_line0003_word0005" custom="readingOrder {index:5;}">
          <Coords points="1283,1570 1376,1567 1375,1538 1323,1540 1317,1530 1302,1530 1297,1541 1282,1541"/>
          <TextEquiv conf="0.90445954">
            <Unicode>plura</Unicode>
          </TextEquiv>
        </Word>
        <Word id="region0003_line0003_word0006" custom="readingOrder {index:6;}">
          <Coords points="1398,1556 1499,1553 1498,1534 1455,1536 1445,1532 1401,1538 1397,1538"/>
          <TextEquiv conf="0.9184703">
            <Unicode>etiam</Unicode>
          </TextEquiv>
        </Word>
        <Word id="region0003_line0003_word0007" custom="readingOrder {index:7;}">
          <Coords points="1516,1552 1561,1551 1559,1529 1544,1530 1539,1521 1525,1522 1519,1532 1514,1532"/>
          <TextEquiv conf="0.894846">
            <Unicode>de</Unicode>
          </TextEquiv>
        </Word>
        <Word id="region0003_line0003_word0008" custom="readingOrder {index:8;}">
          <Coords points="1580,1551 1631,1549 1629,1526 1621,1527 1619,1522 1611,1517 1599,1517 1594,1523 1588,1518 1578,1518"/>
          <TextEquiv conf="0.8994961">
            <Unicode>his</Unicode>
          </TextEquiv>
        </Word>
        <TextEquiv>
          <Unicode>„videatur exponam diſſertatione ſecunda, quae plura etiam de his</Unicode>
        </TextEquiv>
      </TextLine>
      <TextLine id="region0003_line0004" custom="readingOrder {index:3;}">
        <Coords points="431,1597 424,1604 366,1607 362,1620 349,1620 350,1655 390,1654 397,1649 512,1646 536,1649 578,1648 586,1656 594,1658 610,1655 612,1648 632,1647 962,1643 995,1643 1000,1646 1331,1633 1397,1634 1409,1643 1416,1643 1429,1634 1668,1622 1669,1616 1669,1581 1581,1581 1575,1573 1544,1574 1540,1577 1535,1574 1526,1575 1516,1585 1452,1589 1402,1591 1397,1582 1390,1580 1370,1582 1362,1592 1252,1596 1247,1585 1234,1585 1223,1589 1217,1597 1201,1598 1186,1589 1179,1591 1176,1599 1136,1600 990,1600 985,1599 980,1591 964,1592 959,1600 953,1591 943,1592 935,1601 917,1602 906,1601 901,1592 895,1591 882,1593 879,1601 675,1606 671,1605 665,1596 650,1597 645,1606 608,1607 601,1604 513,1605 507,1598 484,1596 475,1598 472,1604 456,1604 451,1604 447,1598"/>
        <Baseline points="349,1645 522,1636 1117,1633 1669,1612"/>
        <Word id="region0003_line0004_word0000" custom="readingOrder {index:0;}">
          <Coords points="424,1603 424,1604 369,1606 370,1645 521,1640 520,1604 513,1605 509,1600 473,1601 472,1604 456,1604 451,1604 449,1602"/>
          <TextEquiv>
            <Unicode>„tubulis</Unicode>
          </TextEquiv>
        </Word>
        <Word id="region0003_line0004_word0001" custom="readingOrder {index:1;}">
          <Coords points="546,1646 778,1638 777,1603 675,1606 671,1605 665,1596 650,1597 645,1606 608,1607 601,1604 545,1604"/>
          <TextEquiv conf="0.87028426">
            <Unicode>experimenta</Unicode>
          </TextEquiv>
        </Word>
        <Word id="region0003_line0004_word0002" custom="readingOrder {index:2;}">
          <Coords points="803,1633 1012,1625 1010,1600 990,1600 985,1599 980,1591 964,1592 959,1600 953,1591 943,1592 935,1601 917,1602 906,1601 901,1592 895,1591 882,1593 879,1601 802,1602"/>
          <TextEquiv conf="0.8693019">
            <Unicode>continebit,</Unicode>
          </TextEquiv>
        </Word>
        <Word id="region0003_line0004_word0003" custom="readingOrder {index:3;}">
          <Coords points="1043,1617 1080,1616 1079,1600 1042,1600"/>
          <TextEquiv conf="0.90884393">
            <Unicode>et</Unicode>
          </TextEquiv>
        </Word>
        <Word id="region0003_line0004_word0004" custom="readingOrder {index:4;}">
          <Coords points="1095,1618 1332,1609 1331,1593 1252,1596 1247,1585 1234,1585 1223,1589 1217,1597 1201,1598 1186,1589 1179,1591 1176,1599 1136,1600 1094,1600"/>
          <TextEquiv conf="0.89370996">
            <Unicode>concluſiones</Unicode>
          </TextEquiv>
        </Word>
        <Word id="region0003_line0004_word0005" custom="readingOrder {index:5;}">
          <Coords points="1353,1619 1487,1614 1485,1586 1452,1589 1402,1591 1397,1582 1390,1580 1370,1582 1362,1592 1351,1592"/>
          <TextEquiv conf="0.92083114">
            <Unicode>aliquot</Unicode>
          </TextEquiv>
        </Word>
        <Word id="region0003_line0004_word0006" custom="readingOrder {index:6;}">
          <Coords points="1506,1602 1632,1598 1631,1581 1581,1581 1575,1573 1544,1574 1540,1577 1535,1574 1526,1575 1516,1585 1505,1585"/>
          <TextEquiv conf="0.8593328">
            <Unicode>eiſdem</Unicode>
          </TextEquiv>
        </Word>
        <TextEquiv>
          <Unicode>„tubulis experimenta continebit, et concluſiones aliquot eiſdem</Unicode>
        </TextEquiv>
      </TextLine>
      <TextLine id="region0003_line0005" custom="readingOrder {index:4;}">
        <Coords points="397,1650 390,1655 375,1656 371,1671 350,1672 349,1707 392,1707 398,1702 413,1703 423,1696 429,1695 431,1705 437,1710 447,1710 452,1701 611,1702 623,1704 628,1708 684,1700 785,1696 1027,1695 1048,1705 1054,1703 1058,1695 1220,1691 1233,1692 1239,1701 1245,1701 1259,1700 1262,1691 1285,1690 1294,1699 1303,1698 1310,1690 1555,1682 1669,1672 1669,1640 1644,1640 1620,1636 1550,1638 1541,1628 1529,1629 1524,1637 1517,1631 1504,1631 1499,1640 1443,1644 1440,1644 1432,1635 1415,1645 1344,1647 1342,1639 1331,1634 1316,1636 1310,1647 1284,1647 1276,1637 1262,1638 1257,1648 1175,1652 1147,1652 1142,1643 1127,1643 1118,1652 1116,1646 1109,1642 1073,1644 1069,1652 1058,1653 1041,1652 1039,1646 1034,1644 1000,1647 986,1644 980,1650 969,1651 963,1644 948,1645 943,1653 920,1655 897,1654 890,1647 882,1645 872,1646 868,1654 826,1656 779,1655 773,1647 757,1647 752,1655 744,1647 729,1647 726,1656 711,1657 709,1651 701,1647 655,1649 646,1655 646,1670 634,1671 627,1670 627,1661 622,1656 594,1659 522,1655 518,1649 512,1647 493,1648 490,1656 425,1657 413,1655 407,1650"/>
        <Baseline points="350,1697 493,1689 631,1694 783,1686 1244,1682 1669,1663"/>
        <Word id="region0003_line0005_word0000" custom="readingOrder {index:0;}">
          <Coords points="375,1658 371,1671 370,1671 371,1705 395,1704 398,1702 413,1703 423,1696 429,1695 431,1703 451,1702 452,1701 488,1701 650,1696 648,1654 646,1655 646,1670 634,1671 627,1670 627,1661 622,1656 594,1659 522,1655 521,1653 491,1654 490,1656 425,1657 421,1656"/>
          <TextEquiv>
            <Unicode>„ſuperſtruet;„</Unicode>
          </TextEquiv>
        </Word>
        <Word id="region0003_line0005_word0001" custom="readingOrder {index:1;}">
          <Coords points="677,1651 678,1687 744,1685 743,1649 728,1649 726,1656 711,1657 709,1651 707,1650"/>
          <TextEquiv conf="0.8806382">
            <Unicode>Sed</Unicode>
          </TextEquiv>
        </Word>
        <Word id="region0003_line0005_word0002" custom="readingOrder {index:2;}">
          <Coords points="761,1649 762,1682 794,1681 793,1655 779,1655 774,1648"/>
          <TextEquiv conf="0.7733162">
            <Unicode>in</Unicode>
          </TextEquiv>
        </Word>
        <Word id="region0003_line0005_word0003" custom="readingOrder {index:3;}">
          <Coords points="812,1681 902,1678 900,1654 897,1654 890,1647 882,1645 872,1646 868,1654 826,1656 811,1655"/>
          <TextEquiv conf="0.9088232">
            <Unicode>notis</Unicode>
          </TextEquiv>
        </Word>
        <Word id="region0003_line0005_word0004" custom="readingOrder {index:4;}">
          <Coords points="921,1679 961,1677 959,1644 948,1645 943,1653 920,1655 920,1655"/>
          <TextEquiv conf="0.9295752">
            <Unicode>ad</Unicode>
          </TextEquiv>
        </Word>
        <Word id="region0003_line0005_word0005" custom="readingOrder {index:5;}">
          <Coords points="976,1689 1226,1680 1224,1649 1175,1652 1147,1652 1142,1643 1127,1643 1118,1652 1116,1646 1109,1642 1073,1644 1069,1652 1058,1653 1041,1652 1039,1646 1034,1644 1000,1647 986,1644 980,1650 974,1650"/>
          <TextEquiv conf="0.907663">
            <Unicode>diſquiſitiones</Unicode>
          </TextEquiv>
        </Word>
        <Word id="region0003_line0005_word0006" custom="readingOrder {index:6;}">
          <Coords points="1242,1678 1394,1672 1392,1645 1344,1647 1342,1639 1331,1634 1316,1636 1310,1647 1284,1647 1276,1637 1262,1638 1257,1648 1240,1648"/>
          <TextEquiv conf="0.89464307">
            <Unicode>phyſicas</Unicode>
          </TextEquiv>
        </Word>
        <Word id="region0003_line0005_word0007" custom="readingOrder {index:7;}">
          <Coords points="1411,1662 1454,1660 1453,1643 1443,1644 1440,1644 1432,1635 1415,1645 1410,1645"/>
          <TextEquiv conf="0.89464307">
            <Unicode>de</Unicode>
          </TextEquiv>
        </Word>
        <Word id="region0003_line0005_word0008" custom="readingOrder {index:8;}">
          <Coords points="1471,1660 1560,1657 1559,1637 1550,1638 1541,1628 1529,1629 1524,1637 1517,1631 1504,1631 1499,1640 1470,1642"/>
          <TextEquiv conf="0.9049347">
            <Unicode>tubis</Unicode>
          </TextEquiv>
        </Word>
        <Word id="region0003_line0005_word0009" custom="readingOrder {index:9;}">
          <Coords points="1577,1655 1634,1653 1633,1638 1620,1636 1576,1637"/>
          <TextEquiv conf="0.9255025">
            <Unicode>ca-</Unicode>
          </TextEquiv>
        </Word>
        <TextEquiv>
          <Unicode>„ſuperſtruet;„ Sed in notis ad diſquiſitiones phyſicas de tubis ca-</Unicode>
        </TextEquiv>
      </TextLine>
      <TextLine id="region0003_line0006" custom="readingOrder {index:5;}">
        <Coords points="423,1697 413,1704 398,1703 390,1711 349,1711 350,1760 388,1758 396,1753 519,1752 528,1747 536,1747 543,1753 598,1754 905,1747 1055,1748 1336,1740 1427,1741 1529,1735 1669,1732 1668,1682 1663,1677 1556,1682 1547,1683 1543,1693 1519,1694 1516,1689 1508,1684 1432,1688 1424,1697 1414,1699 1369,1699 1361,1691 1348,1690 1334,1690 1330,1694 1316,1691 1310,1701 1295,1702 1285,1691 1271,1692 1263,1702 1124,1706 1118,1705 1110,1696 1100,1696 1093,1705 1048,1706 1029,1697 1023,1705 973,1707 941,1705 938,1699 932,1696 918,1698 915,1706 864,1709 829,1708 821,1698 807,1698 803,1707 761,1699 733,1702 718,1709 704,1709 698,1700 684,1701 679,1703 678,1709 641,1710 611,1703 580,1710 518,1710 501,1710 493,1701 469,1702 462,1710 438,1711 430,1705 430,1697"/>
        <Baseline points="350,1749 441,1743 1069,1738 1669,1722"/>
        <Word id="region0003_line0006_word0000" custom="readingOrder {index:0;}">
          <Coords points="374,1749 545,1743 543,1710 518,1710 501,1710 493,1701 469,1702 462,1710 438,1711 430,1705 430,1697 423,1697 413,1704 398,1703 390,1711 372,1711"/>
          <TextEquiv conf="0.9019821">
            <Unicode>pillaribus</Unicode>
          </TextEquiv>
        </Word>
        <Word id="region0003_line0006_word0001" custom="readingOrder {index:1;}">
          <Coords points="570,1712 587,1711 587,1734 570,1735"/>
          <TextEquiv conf="0.90886426">
            <Unicode>a</Unicode>
          </TextEquiv>
        </Word>
        <Word id="region0003_line0006_word0002" custom="readingOrder {index:2;}">
          <Coords points="608,1734 733,1730 732,1702 718,1709 704,1709 698,1700 684,1701 679,1703 678,1709 641,1710 611,1703 607,1703"/>
          <TextEquiv conf="0.48718074">
            <Unicode>Iacobo</Unicode>
          </TextEquiv>
        </Word>
        <Word id="region0003_line0006_word0003" custom="readingOrder {index:3;}">
          <Coords points="751,1728 868,1724 867,1708 864,1709 829,1708 821,1698 807,1698 803,1707 761,1699 750,1700"/>
          <TextEquiv conf="0.90548235">
            <Unicode>Iurino</Unicode>
          </TextEquiv>
        </Word>
        <Word id="region0003_line0006_word0004" custom="readingOrder {index:4;}">
          <Coords points="891,1723 934,1721 933,1696 932,1696 918,1698 915,1706 890,1707"/>
          <TextEquiv conf="0.9022866">
            <Unicode>ad</Unicode>
          </TextEquiv>
        </Word>
        <Word id="region0003_line0006_word0005" custom="readingOrder {index:5;}">
          <Coords points="959,1721 1162,1714 1161,1704 1124,1706 1118,1705 1110,1696 1100,1696 1093,1705 1048,1706 1029,1697 1023,1705 973,1707 958,1706"/>
          <TextEquiv conf="0.87522006">
            <Unicode>academiam</Unicode>
          </TextEquiv>
        </Word>
        <Word id="region0003_line0006_word0006" custom="readingOrder {index:6;}">
          <Coords points="1190,1732 1386,1726 1385,1699 1369,1699 1361,1691 1348,1690 1334,1690 1330,1694 1316,1691 1310,1701 1295,1702 1285,1691 1271,1692 1263,1702 1189,1704"/>
          <TextEquiv conf="0.8130476">
            <Unicode>tranſmiſſas</Unicode>
          </TextEquiv>
        </Word>
        <Word id="region0003_line0006_word0007" custom="readingOrder {index:7;}">
          <Coords points="1404,1708 1440,1707 1439,1687 1432,1688 1424,1697 1414,1699 1403,1699"/>
          <TextEquiv conf="0.8463963">
            <Unicode>et</Unicode>
          </TextEquiv>
        </Word>
        <Word id="region0003_line0006_word0008" custom="readingOrder {index:8;}">
          <Coords points="1456,1706 1560,1703 1559,1681 1556,1682 1547,1683 1543,1693 1519,1694 1516,1689 1508,1684 1455,1686"/>
          <TextEquiv conf="0.90965843">
            <Unicode>Tom.</Unicode>
          </TextEquiv>
        </Word>
        <Word id="region0003_line0006_word0009" custom="readingOrder {index:9;}">
          <Coords points="1580,1702 1636,1700 1635,1678 1579,1680"/>
          <TextEquiv conf="0.3843915">
            <Unicode>III.</Unicode>
          </TextEquiv>
        </Word>
        <TextEquiv conf="0.793451">
          <Unicode>pillaribus a Iacobo Iurino ad academiam tranſmiſſas et Tom. III.</Unicode>
        </TextEquiv>
      </TextLine>
      <TextLine id="region0003_line0007" custom="readingOrder {index:6;}">
        <Coords points="528,1748 519,1753 518,1760 426,1763 421,1755 401,1753 388,1759 349,1761 350,1804 411,1801 744,1800 784,1802 791,1806 800,1806 804,1803 835,1802 840,1798 921,1798 949,1800 953,1803 962,1802 970,1797 1118,1794 1125,1802 1133,1803 1144,1801 1147,1795 1373,1790 1640,1778 1668,1775 1669,1761 1668,1742 1612,1739 1423,1748 1419,1742 1403,1742 1399,1748 1343,1750 1341,1743 1336,1741 1268,1744 1262,1749 1252,1751 1207,1754 1187,1753 1181,1746 1167,1746 1162,1754 1094,1755 1089,1748 1083,1747 1075,1747 1069,1755 1062,1755 1052,1747 1039,1749 1035,1755 970,1758 949,1757 945,1750 938,1748 928,1749 924,1756 912,1757 910,1751 905,1748 893,1749 887,1757 868,1756 851,1751 804,1753 798,1759 707,1760 705,1753 701,1751 679,1753 674,1760 662,1760 657,1754 650,1752 639,1753 635,1758 557,1760 542,1760 543,1754 538,1749"/>
        <Baseline points="350,1794 967,1789 1669,1766"/>
        <Word id="region0003_line0007_word0000" custom="readingOrder {index:0;}">
          <Coords points="528,1748 519,1753 518,1760 426,1763 421,1755 401,1753 388,1759 376,1760 377,1793 625,1785 624,1758 557,1760 542,1760 543,1754 538,1749 529,1748"/>
          <TextEquiv conf="0.87421536">
            <Unicode>Commentarr.</Unicode>
          </TextEquiv>
        </Word>
        <Word id="region0003_line0007_word0001" custom="readingOrder {index:1;}">
          <Coords points="644,1790 802,1785 801,1755 798,1759 707,1760 705,1753 701,1751 679,1753 674,1760 662,1760 657,1754 650,1752 643,1752"/>
          <TextEquiv conf="0.91526765">
            <Unicode>inſertas,</Unicode>
          </TextEquiv>
        </Word>
        <Word id="region0003_line0007_word0002" custom="readingOrder {index:2;}">
          <Coords points="839,1782 964,1778 963,1757 949,1757 945,1750 938,1748 928,1749 924,1756 912,1757 910,1751 905,1748 893,1749 887,1757 868,1756 851,1751 838,1751"/>
          <TextEquiv conf="0.45239487">
            <Unicode>Iurini,</Unicode>
          </TextEquiv>
        </Word>
        <Word id="region0003_line0007_word0003" custom="readingOrder {index:3;}">
          <Coords points="997,1770 1053,1768 1052,1747 1052,1747 1039,1749 1035,1755 997,1757"/>
          <TextEquiv conf="0.88531995">
            <Unicode>cui</Unicode>
          </TextEquiv>
        </Word>
        <Word id="region0003_line0007_word0004" custom="readingOrder {index:4;}">
          <Coords points="1076,1767 1109,1766 1108,1754 1094,1755 1089,1748 1083,1747 1075,1747"/>
          <TextEquiv conf="0.7892506">
            <Unicode>in</Unicode>
          </TextEquiv>
        </Word>
        <Word id="region0003_line0007_word0005" custom="readingOrder {index:5;}">
          <Coords points="1127,1777 1243,1773 1242,1751 1207,1754 1187,1753 1181,1746 1167,1746 1162,1754 1126,1754"/>
          <TextEquiv conf="0.92397016">
            <Unicode>priore</Unicode>
          </TextEquiv>
        </Word>
        <Word id="region0003_line0007_word0006" custom="readingOrder {index:6;}">
          <Coords points="1258,1789 1489,1781 1487,1744 1423,1748 1419,1742 1403,1742 1399,1748 1343,1750 1341,1743 1336,1741 1268,1744 1262,1749 1256,1750"/>
          <TextEquiv conf="0.8559861">
            <Unicode>diſſertatione</Unicode>
          </TextEquiv>
        </Word>
        <Word id="region0003_line0007_word0007" custom="readingOrder {index:7;}">
          <Coords points="1504,1778 1642,1773 1640,1740 1612,1739 1501,1744"/>
          <TextEquiv conf="0.92237645">
            <Unicode>contra-</Unicode>
          </TextEquiv>
        </Word>
        <TextEquiv conf="0.82734764">
          <Unicode>Commentarr. inſertas, Iurini, cui in priore diſſertatione contra-</Unicode>
        </TextEquiv>
      </TextLine>
      <TextLine id="region0003_line0008" custom="readingOrder {index:7;}">
        <Coords points="401,1802 385,1805 382,1811 350,1813 349,1857 473,1853 509,1855 519,1858 559,1852 591,1853 599,1863 613,1862 619,1852 646,1851 758,1848 825,1850 905,1846 959,1848 1125,1846 1166,1848 1278,1842 1296,1843 1303,1853 1311,1853 1321,1852 1326,1842 1381,1843 1391,1852 1404,1850 1410,1842 1419,1841 1668,1833 1669,1819 1669,1789 1656,1788 1441,1797 1434,1788 1416,1790 1408,1798 1394,1798 1392,1791 1388,1790 1373,1791 1369,1799 1267,1802 1222,1800 1218,1793 1205,1794 1199,1800 1133,1804 1125,1803 1118,1795 1107,1795 1102,1802 1066,1805 1060,1804 1058,1797 1050,1795 1039,1797 1035,1805 1015,1805 1010,1798 997,1798 990,1804 984,1797 970,1798 963,1805 910,1807 887,1807 879,1799 865,1800 859,1805 857,1801 850,1799 840,1799 832,1806 763,1809 721,1808 715,1801 701,1801 695,1807 656,1809 648,1802 626,1801 618,1802 614,1808 548,1810 432,1810 422,1810 415,1803"/>
        <Baseline points="350,1848 1669,1823"/>
        <Word id="region0003_line0008_word0000" custom="readingOrder {index:0;}">
          <Coords points="383,1807 382,1811 379,1811 380,1850 530,1845 529,1810 432,1810 422,1810 418,1806"/>
          <TextEquiv conf="0.9086191">
            <Unicode>dixerat,</Unicode>
          </TextEquiv>
        </Word>
        <Word id="region0003_line0008_word0001" custom="readingOrder {index:1;}">
          <Coords points="620,1801 618,1802 614,1808 553,1809 554,1849 818,1840 817,1806 763,1809 721,1808 715,1801 701,1801 695,1807 656,1809 648,1802 632,1801"/>
          <TextEquiv conf="0.8472725">
            <Unicode>explicationem</Unicode>
          </TextEquiv>
        </Word>
        <Word id="region0003_line0008_word0002" custom="readingOrder {index:2;}">
          <Coords points="843,1830 894,1829 893,1807 887,1807 879,1799 865,1800 859,1805 857,1801 850,1799 842,1799"/>
          <TextEquiv conf="0.9205456">
            <Unicode>his</Unicode>
          </TextEquiv>
        </Word>
        <Word id="region0003_line0008_word0003" custom="readingOrder {index:3;}">
          <Coords points="912,1827 1024,1823 1023,1805 1015,1805 1010,1798 997,1798 990,1804 984,1797 970,1798 963,1805 911,1806"/>
          <TextEquiv conf="0.9248314">
            <Unicode>verbis</Unicode>
          </TextEquiv>
        </Word>
        <Word id="region0003_line0008_word0004" custom="readingOrder {index:4;}">
          <Coords points="1046,1826 1174,1822 1172,1801 1133,1804 1125,1803 1118,1795 1107,1795 1102,1802 1066,1805 1060,1804 1058,1797 1050,1795 1044,1796"/>
          <TextEquiv conf="0.9065288">
            <Unicode>laudat,</Unicode>
          </TextEquiv>
        </Word>
        <Word id="region0003_line0008_word0005" custom="readingOrder {index:5;}">
          <Coords points="1202,1827 1360,1822 1358,1799 1267,1802 1222,1800 1218,1793 1205,1794 1200,1798"/>
          <TextEquiv conf="0.9004802">
            <Unicode>ſuamque</Unicode>
          </TextEquiv>
        </Word>
        <Word id="region0003_line0008_word0006" custom="readingOrder {index:6;}">
          <Coords points="1378,1822 1475,1819 1473,1795 1441,1797 1434,1788 1416,1790 1408,1798 1394,1798 1392,1791 1388,1790 1376,1790"/>
          <TextEquiv conf="0.8595807">
            <Unicode>ipſius</Unicode>
          </TextEquiv>
        </Word>
        <Word id="region0003_line0008_word0007" custom="readingOrder {index:7;}">
          <Coords points="1490,1808 1643,1803 1642,1788 1490,1794"/>
          <TextEquiv conf="0.91052574">
            <Unicode>mentem</Unicode>
          </TextEquiv>
        </Word>
        <TextEquiv conf="0.897298">
          <Unicode>dixerat, explicationem his verbis laudat, ſuamque ipſius mentem</Unicode>
        </TextEquiv>
      </TextLine>
      <TextLine id="region0003_line0009" custom="readingOrder {index:8;}">
        <Coords points="385,1857 379,1866 350,1866 349,1912 629,1906 661,1907 673,1910 715,1908 736,1914 751,1915 787,1912 812,1903 934,1901 960,1903 969,1912 984,1913 1002,1912 1034,1902 1101,1900 1168,1901 1172,1909 1180,1911 1193,1909 1195,1899 1331,1897 1409,1897 1421,1907 1432,1904 1437,1895 1456,1893 1668,1888 1669,1877 1669,1844 1497,1850 1495,1843 1490,1839 1479,1841 1474,1851 1303,1856 1296,1844 1275,1845 1266,1856 1243,1856 1238,1845 1203,1846 1197,1849 1195,1856 1192,1856 1183,1856 1177,1848 1160,1847 1116,1849 1090,1858 1085,1848 1071,1848 1064,1859 891,1859 885,1858 876,1849 835,1852 751,1849 734,1851 729,1861 704,1863 699,1868 698,1876 688,1877 687,1866 682,1861 567,1864 564,1855 559,1853 544,1856 541,1864 511,1863 505,1857 496,1857 490,1863 449,1866 447,1859 441,1855 429,1856 424,1866 411,1867 409,1859 404,1856"/>
        <Baseline points="349,1902 652,1895 752,1901 838,1893 985,1895 1669,1879"/>
        <Word id="region0003_line0009_word0000" custom="readingOrder {index:0;}">
          <Coords points="382,1865 383,1905 457,1903 456,1865 449,1866 448,1863 425,1863 424,1866 411,1867 410,1864"/>
          <TextEquiv conf="0.90893257">
            <Unicode>ſatis</Unicode>
          </TextEquiv>
        </Word>
        <Word id="region0003_line0009_word0001" custom="readingOrder {index:1;}">
          <Coords points="491,1861 490,1863 482,1863 483,1899 656,1893 655,1861 567,1864 565,1859 542,1859 541,1864 511,1863 509,1861"/>
          <TextEquiv>
            <Unicode>declarat:</Unicode>
          </TextEquiv>
        </Word>
        <Word id="region0003_line0009_word0002" custom="readingOrder {index:2;}">
          <Coords points="695,1853 769,1851 771,1900 696,1902"/>
          <TextEquiv>
            <Unicode>„1)</Unicode>
          </TextEquiv>
        </Word>
        <Word id="region0003_line0009_word0003" custom="readingOrder {index:3;}">
          <Coords points="794,1853 795,1888 937,1883 935,1859 891,1859 885,1858 877,1850 847,1851 835,1852 828,1851"/>
          <TextEquiv conf="0.8932803">
            <Unicode>Nullum</Unicode>
          </TextEquiv>
        </Word>
        <Word id="region0003_line0009_word0004" custom="readingOrder {index:4;}">
          <Coords points="962,1893 1031,1891 1030,1859 961,1859"/>
          <TextEquiv conf="0.9067584">
            <Unicode>ego</Unicode>
          </TextEquiv>
        </Word>
        <Word id="region0003_line0009_word0005" custom="readingOrder {index:5;}">
          <Coords points="1061,1879 1105,1877 1103,1853 1090,1858 1085,1848 1071,1848 1064,1859 1059,1859"/>
          <TextEquiv conf="0.86036384">
            <Unicode>de</Unicode>
          </TextEquiv>
        </Word>
        <Word id="region0003_line0009_word0006" custom="readingOrder {index:6;}">
          <Coords points="1129,1891 1347,1883 1345,1854 1303,1856 1296,1844 1275,1845 1266,1856 1243,1856 1238,1845 1203,1846 1197,1849 1195,1856 1192,1856 1183,1856 1177,1848 1160,1847 1127,1848"/>
          <TextEquiv conf="0.84821">
            <Unicode>Capillaribus</Unicode>
          </TextEquiv>
        </Word>
        <Word id="region0003_line0009_word0007" custom="readingOrder {index:7;}">
          <Coords points="1373,1880 1648,1871 1646,1844 1497,1850 1495,1843 1490,1839 1479,1841 1474,1851 1371,1853"/>
          <TextEquiv conf="0.88915026">
            <Unicode>experimentum</Unicode>
          </TextEquiv>
        </Word>
        <TextEquiv>
          <Unicode>ſatis declarat: „1) Nullum ego de Capillaribus experimentum</Unicode>
        </TextEquiv>
      </TextLine>
      <TextLine id="region0003_line0010" custom="readingOrder {index:9;}">
        <Coords points="477,1910 471,1920 390,1922 374,1924 368,1933 350,1934 349,1968 406,1967 417,1962 485,1966 492,1963 504,1967 529,1962 543,1964 552,1972 559,1973 569,1972 572,1963 794,1958 800,1963 809,1962 814,1957 945,1957 1011,1959 1014,1965 1022,1968 1034,1967 1037,1959 1054,1959 1057,1965 1063,1968 1099,1967 1108,1956 1225,1956 1244,1961 1309,1952 1490,1947 1527,1954 1569,1949 1576,1955 1588,1954 1592,1945 1668,1942 1669,1934 1669,1900 1629,1901 1626,1894 1621,1891 1608,1893 1605,1902 1482,1904 1473,1896 1463,1897 1459,1906 1450,1897 1438,1898 1433,1908 1422,1909 1409,1898 1403,1898 1399,1902 1397,1909 1365,1910 1347,1909 1328,1902 1243,1904 1221,1909 1190,1911 968,1915 960,1904 947,1906 944,1915 906,1915 904,1908 898,1904 889,1905 882,1915 878,1915 872,1904 859,1904 851,1906 844,1915 722,1917 715,1909 700,1911 697,1916 688,1917 680,1916 676,1911 666,1908 629,1907 623,1907 615,1916 609,1917 513,1921 496,1919 491,1911"/>
        <Baseline points="350,1958 436,1952 1247,1948 1669,1932"/>
        <Word id="word_1655455065171_1000" custom="readingOrder {index:0;}">
          <Coords points="399,1921 473,1916 493,1915 506,1920 507,1958 400,1962 385,1958 384,1941"/>
          <TextEquiv>
            <Unicode>„noui,</Unicode>
          </TextEquiv>
        </Word>
        <Word id="region0003_line0010_word0002" custom="readingOrder {index:1;}">
          <Coords points="541,1963 636,1959 634,1912 618,1912 615,1916 609,1917 540,1919"/>
          <TextEquiv conf="0.8660997">
            <Unicode>quod</Unicode>
          </TextEquiv>
        </Word>
        <Word id="region0003_line0010_word0003" custom="readingOrder {index:2;}">
          <Coords points="656,1912 657,1948 736,1945 734,1916 722,1917 715,1909 707,1910 700,1911 697,1916 688,1917 680,1916 676,1911"/>
          <TextEquiv conf="0.85004914">
            <Unicode>huic</Unicode>
          </TextEquiv>
        </Word>
        <Word id="region0003_line0010_word0004" custom="readingOrder {index:3;}">
          <Coords points="753,1956 961,1949 959,1904 947,1906 944,1915 906,1915 904,1908 898,1904 889,1905 882,1915 878,1915 872,1904 859,1904 851,1906 844,1915 751,1916"/>
          <TextEquiv conf="0.8772245">
            <Unicode>expoſitioni</Unicode>
          </TextEquiv>
        </Word>
        <Word id="region0003_line0010_word0005" custom="readingOrder {index:4;}">
          <Coords points="980,1948 1161,1941 1159,1911 979,1914"/>
          <TextEquiv conf="0.756382">
            <Unicode>repugnet.</Unicode>
          </TextEquiv>
        </Word>
        <Word id="region0003_line0010_word0006" custom="readingOrder {index:5;}">
          <Coords points="1218,1936 1261,1934 1259,1903 1243,1904 1221,1909 1216,1909"/>
          <TextEquiv conf="0.89683867">
            <Unicode>2)</Unicode>
          </TextEquiv>
        </Word>
        <Word id="region0003_line0010_word0007" custom="readingOrder {index:6;}">
          <Coords points="1294,1926 1374,1923 1373,1909 1365,1910 1347,1909 1328,1902 1293,1902"/>
          <TextEquiv conf="0.9094991">
            <Unicode>Non</Unicode>
          </TextEquiv>
        </Word>
        <Word id="region0003_line0010_word0008" custom="readingOrder {index:7;}">
          <Coords points="1393,1930 1538,1925 1537,1903 1482,1904 1473,1896 1463,1897 1459,1906 1450,1897 1438,1898 1433,1908 1422,1909 1409,1898 1403,1898 1399,1902 1397,1909 1392,1909"/>
          <TextEquiv conf="0.9051569">
            <Unicode>dubito,</Unicode>
          </TextEquiv>
        </Word>
        <Word id="region0003_line0010_word0009" custom="readingOrder {index:8;}">
          <Coords points="1563,1927 1648,1924 1646,1900 1629,1901 1626,1894 1621,1891 1608,1893 1605,1902 1561,1902"/>
          <TextEquiv conf="0.9209654">
            <Unicode>quin</Unicode>
          </TextEquiv>
        </Word>
        <TextEquiv>
          <Unicode>„noui, quod huic expoſitioni repugnet. 2) Non dubito, quin</Unicode>
        </TextEquiv>
      </TextLine>
      <TextLine id="region0003_line0011" custom="readingOrder {index:10;}">
        <Coords points="417,1963 411,1965 396,1983 350,1984 349,2023 419,2019 422,2022 437,2022 442,2021 446,2015 468,2014 656,2015 663,2007 669,2006 688,2020 697,2019 703,2014 718,2015 723,2023 730,2024 744,2023 747,2014 833,2012 985,2012 998,2013 1005,2020 1014,2022 1038,2021 1043,2017 1063,2018 1079,2011 1430,2004 1432,2011 1437,2014 1442,2014 1457,2003 1616,1996 1669,1989 1669,1956 1625,1954 1480,1962 1474,1951 1465,1949 1455,1950 1452,1963 1408,1964 1406,1957 1400,1953 1387,1955 1383,1964 1350,1964 1337,1953 1329,1954 1324,1958 1318,1954 1309,1954 1297,1965 1174,1966 1170,1959 1165,1956 1151,1958 1147,1967 1093,1969 966,1968 956,1967 947,1959 920,1962 916,1959 904,1959 892,1968 823,1970 821,1961 816,1958 806,1964 800,1964 794,1959 763,1960 759,1963 759,1971 690,1972 682,1962 668,1964 665,1973 559,1974 552,1973 543,1965 529,1963 517,1964 512,1967 511,1972 508,1972 507,1968 492,1964 486,1967 485,1973 443,1973 439,1972 433,1963"/>
        <Baseline points="349,2012 471,2004 982,2001 1026,2006 1463,1994 1669,1981"/>
        <Word id="region0003_line0011_word0000" custom="readingOrder {index:0;}">
          <Coords points="408,1968 396,1983 385,1983 387,2014 563,2008 561,1973 559,1974 552,1973 543,1965 535,1963 516,1964 512,1967 511,1972 508,1972 507,1968 496,1965 489,1965 486,1967 485,1973 443,1973 439,1972 435,1967"/>
          <TextEquiv>
            <Unicode>„ſpecialia</Unicode>
          </TextEquiv>
        </Word>
        <Word id="region0003_line0011_word0001" custom="readingOrder {index:1;}">
          <Coords points="587,2006 700,2002 698,1971 690,1972 682,1962 668,1964 665,1973 585,1973"/>
          <TextEquiv conf="0.9067927">
            <Unicode>omnia</Unicode>
          </TextEquiv>
        </Word>
        <Word id="region0003_line0011_word0002" custom="readingOrder {index:2;}">
          <Coords points="727,2008 852,2004 850,1969 823,1970 821,1961 816,1958 806,1964 800,1964 794,1959 763,1960 759,1963 759,1971 725,1971"/>
          <TextEquiv conf="0.88648117">
            <Unicode>poſſint</Unicode>
          </TextEquiv>
        </Word>
        <Word id="region0003_line0011_word0003" custom="readingOrder {index:3;}">
          <Coords points="876,1990 916,1989 915,1959 904,1959 892,1968 875,1968"/>
          <TextEquiv conf="0.9278112">
            <Unicode>ad</Unicode>
          </TextEquiv>
        </Word>
        <Word id="region0003_line0011_word0004" custom="readingOrder {index:4;}">
          <Coords points="938,1988 1006,1986 1005,1968 966,1968 956,1967 947,1959 937,1960"/>
          <TextEquiv conf="0.76431745">
            <Unicode>hoc</Unicode>
          </TextEquiv>
        </Word>
        <Word id="region0003_line0011_word0005" custom="readingOrder {index:5;}">
          <Coords points="1030,1996 1189,1991 1187,1965 1174,1966 1170,1959 1165,1956 1151,1958 1147,1967 1093,1969 1028,1968"/>
          <TextEquiv conf="0.9108812">
            <Unicode>generale</Unicode>
          </TextEquiv>
        </Word>
        <Word id="region0003_line0011_word0006" custom="readingOrder {index:6;}">
          <Coords points="1212,1979 1414,1972 1413,1963 1408,1964 1406,1957 1400,1953 1387,1955 1383,1964 1350,1964 1337,1953 1329,1954 1324,1958 1318,1954 1309,1954 1297,1965 1211,1965"/>
          <TextEquiv conf="0.88274294">
            <Unicode>attractionis</Unicode>
          </TextEquiv>
        </Word>
        <Word id="region0003_line0011_word0007" custom="readingOrder {index:7;}">
          <Coords points="1439,1983 1650,1976 1649,1955 1625,1954 1480,1962 1474,1951 1465,1949 1455,1950 1452,1963 1438,1963"/>
          <TextEquiv conf="0.38291594">
            <Unicode>phaenome-</Unicode>
          </TextEquiv>
        </Word>
        <TextEquiv>
          <Unicode>„ſpecialia omnia poſſint ad hoc generale attractionis phaenome-</Unicode>
        </TextEquiv>
      </TextLine>
      <TextLine id="region0003_line0012" custom="readingOrder {index:11;}">
        <Coords points="663,2008 656,2016 663,2026 635,2025 629,2016 615,2016 609,2024 578,2023 575,2017 569,2015 552,2016 550,2022 411,2022 396,2026 389,2032 352,2032 350,2034 350,2070 466,2063 502,2066 548,2065 559,2067 633,2069 637,2072 693,2067 782,2068 874,2064 931,2065 935,2074 944,2076 953,2075 958,2066 1078,2062 1079,2069 1084,2074 1185,2070 1210,2063 1255,2059 1263,2052 1271,2052 1282,2060 1487,2054 1494,2061 1503,2061 1512,2053 1582,2046 1589,2051 1607,2050 1609,2045 1669,2041 1668,2000 1641,2001 1637,1994 1619,1995 1614,2003 1569,2008 1564,2008 1557,1999 1541,1999 1530,2010 1500,2012 1466,2013 1464,2007 1457,2004 1443,2015 1323,2018 1317,2009 1304,2009 1298,2019 1287,2019 1260,2018 1247,2012 1233,2010 1163,2010 1154,2011 1130,2020 1062,2021 1058,2017 1043,2018 1039,2022 993,2022 988,2013 971,2012 957,2013 951,2022 859,2023 848,2016 830,2014 809,2015 802,2022 796,2023 673,2025 678,2015 671,2008"/>
        <Baseline points="350,2060 471,2053 632,2059 1070,2053 1105,2062 1210,2051 1466,2046 1668,2032"/>
        <Word id="region0003_line0012_word0000" custom="readingOrder {index:0;}">
          <Coords points="355,2061 485,2057 484,2028 390,2030 389,2032 354,2032"/>
          <TextEquiv>
            <Unicode>„non</Unicode>
          </TextEquiv>
        </Word>
        <Word id="region0003_line0012_word0001" custom="readingOrder {index:1;}">
          <Coords points="550,2019 550,2022 509,2022 511,2062 648,2057 647,2025 635,2025 629,2016 614,2017 609,2024 578,2023 575,2018"/>
          <TextEquiv conf="0.8867214">
            <Unicode>reduci,</Unicode>
          </TextEquiv>
        </Word>
        <Word id="region0003_line0012_word0002" custom="readingOrder {index:2;}">
          <Coords points="667,2050 718,2049 717,2024 673,2025 678,2015 671,2008 666,2008"/>
          <TextEquiv conf="0.8867214">
            <Unicode>et</Unicode>
          </TextEquiv>
        </Word>
        <Word id="region0003_line0012_word0003" custom="readingOrder {index:3;}">
          <Coords points="740,2024 741,2049 786,2047 785,2023 743,2023"/>
          <TextEquiv conf="0.81072456">
            <Unicode>ex</Unicode>
          </TextEquiv>
        </Word>
        <Word id="region0003_line0012_word0004" custom="readingOrder {index:4;}">
          <Coords points="809,2046 868,2044 867,2022 859,2023 848,2016 830,2014 809,2015 808,2015"/>
          <TextEquiv conf="0.90117574">
            <Unicode>illo</Unicode>
          </TextEquiv>
        </Word>
        <Word id="region0003_line0012_word0005" custom="readingOrder {index:5;}">
          <Coords points="892,2055 1067,2049 1066,2020 1062,2021 1058,2017 1043,2018 1039,2022 993,2022 988,2013 971,2012 957,2013 951,2022 890,2022"/>
          <TextEquiv>
            <Unicode>explicari.</Unicode>
          </TextEquiv>
        </Word>
        <Word id="region0003_line0012_word0006" custom="readingOrder {index:6;}">
          <Coords points="1125,2062 1167,2060 1168,2010 1163,2010 1154,2011 1130,2020 1126,2020"/>
          <TextEquiv>
            <Unicode>3)</Unicode>
          </TextEquiv>
        </Word>
        <Word id="region0003_line0012_word0007" custom="readingOrder {index:7;}">
          <Coords points="1205,2032 1285,2029 1284,2018 1260,2018 1247,2012 1233,2010 1204,2010"/>
          <TextEquiv conf="0.89830977">
            <Unicode>Non</Unicode>
          </TextEquiv>
        </Word>
        <Word id="region0003_line0012_word0008" custom="readingOrder {index:8;}">
          <Coords points="1305,2037 1503,2030 1502,2011 1500,2012 1466,2013 1464,2007 1457,2004 1443,2015 1323,2018 1317,2009 1304,2009"/>
          <TextEquiv conf="0.81908447">
            <Unicode>intercedo,</Unicode>
          </TextEquiv>
        </Word>
        <Word id="region0003_line0012_word0009" custom="readingOrder {index:9;}">
          <Coords points="1535,2019 1556,2018 1555,1999 1541,1999 1534,2005"/>
          <TextEquiv conf="0.87122244">
            <Unicode>ſi</Unicode>
          </TextEquiv>
        </Word>
        <Word id="region0003_line0012_word0010" custom="readingOrder {index:10;}">
          <Coords points="1576,2027 1652,2025 1650,2000 1641,2001 1637,1994 1619,1995 1614,2003 1575,2007"/>
          <TextEquiv conf="0.8350272">
            <Unicode>quis</Unicode>
          </TextEquiv>
        </Word>
        <TextEquiv>
          <Unicode>„non reduci, et ex illo explicari. 3) Non intercedo, ſi quis</Unicode>
        </TextEquiv>
      </TextLine>
      <TextLine id="region0003_line0013" custom="readingOrder {index:12;}">
        <Coords points="536,2066 530,2072 402,2074 381,2082 349,2084 350,2121 418,2120 431,2115 444,2117 473,2113 519,2116 621,2114 688,2119 697,2124 705,2125 715,2125 721,2119 736,2118 934,2119 1290,2114 1451,2108 1584,2096 1668,2094 1669,2079 1668,2052 1609,2054 1608,2051 1589,2052 1582,2047 1569,2050 1564,2057 1400,2068 1395,2061 1382,2060 1376,2069 1340,2071 1334,2062 1324,2062 1315,2071 1290,2072 1288,2066 1271,2053 1260,2055 1255,2060 1257,2066 1239,2067 1228,2061 1217,2064 1214,2070 1164,2074 1037,2076 1030,2065 1015,2067 1011,2076 1001,2076 995,2066 982,2067 976,2076 944,2077 828,2076 820,2067 802,2068 798,2076 776,2077 774,2070 768,2067 751,2068 744,2075 575,2074 558,2072 553,2066"/>
        <Baseline points="349,2111 482,2103 721,2110 1152,2107 1669,2084"/>
        <Word id="region0003_line0013_word0000" custom="readingOrder {index:0;}">
          <Coords points="392,2078 391,2078 392,2116 473,2113 473,2113 473,2113 609,2108 608,2074 575,2074 562,2072"/>
          <TextEquiv>
            <Unicode>„generalem</Unicode>
          </TextEquiv>
        </Word>
        <Word id="region0003_line0013_word0001" custom="readingOrder {index:1;}">
          <Coords points="633,2113 920,2103 919,2076 828,2076 820,2067 802,2068 798,2076 776,2077 774,2070 768,2067 751,2068 744,2075 632,2074"/>
          <TextEquiv conf="0.9124466">
            <Unicode>corpuſculorum</Unicode>
          </TextEquiv>
        </Word>
        <Word id="region0003_line0013_word0002" custom="readingOrder {index:2;}">
          <Coords points="947,2093 1166,2085 1165,2073 1164,2074 1037,2076 1030,2065 1015,2067 1011,2076 1001,2076 995,2066 982,2067 976,2076 946,2076"/>
          <TextEquiv conf="0.9195867">
            <Unicode>minimorum</Unicode>
          </TextEquiv>
        </Word>
        <Word id="region0003_line0013_word0003" custom="readingOrder {index:3;}">
          <Coords points="1193,2083 1232,2082 1231,2062 1228,2061 1217,2064 1214,2070 1192,2071"/>
          <TextEquiv conf="0.8689983">
            <Unicode>ad</Unicode>
          </TextEquiv>
        </Word>
        <Word id="region0003_line0013_word0004" custom="readingOrder {index:4;}">
          <Coords points="1263,2083 1298,2082 1297,2071 1290,2072 1288,2066 1271,2053 1262,2054"/>
          <TextEquiv conf="0.8948764">
            <Unicode>ſe</Unicode>
          </TextEquiv>
        </Word>
        <Word id="region0003_line0013_word0005" custom="readingOrder {index:5;}">
          <Coords points="1323,2080 1469,2075 1468,2063 1400,2068 1395,2061 1382,2060 1376,2069 1340,2071 1334,2062 1324,2062 1322,2063"/>
          <TextEquiv conf="0.8720655">
            <Unicode>inuicem</Unicode>
          </TextEquiv>
        </Word>
        <Word id="region0003_line0013_word0006" custom="readingOrder {index:6;}">
          <Coords points="1487,2074 1654,2069 1653,2052 1609,2054 1608,2051 1589,2052 1582,2047 1569,2050 1564,2057 1486,2062"/>
          <TextEquiv conf="0.59203523">
            <Unicode>acceſſum</Unicode>
          </TextEquiv>
        </Word>
        <TextEquiv>
          <Unicode>„generalem corpuſculorum minimorum ad ſe inuicem acceſſum</Unicode>
        </TextEquiv>
      </TextLine>
      <TextLine id="region0003_line0014" custom="readingOrder {index:13;}">
        <Coords points="431,2116 418,2121 387,2121 383,2136 353,2138 350,2142 352,2167 356,2170 385,2169 391,2175 414,2171 421,2167 448,2165 504,2163 541,2167 612,2161 647,2162 654,2171 670,2170 676,2164 705,2163 714,2168 769,2173 807,2168 850,2166 873,2172 936,2168 1019,2170 1236,2164 1258,2169 1324,2162 1424,2159 1429,2165 1437,2161 1445,2161 1451,2165 1506,2163 1512,2159 1514,2152 1531,2154 1538,2160 1561,2153 1668,2147 1669,2137 1668,2114 1650,2115 1644,2106 1642,2098 1634,2095 1617,2097 1610,2106 1536,2108 1508,2103 1472,2105 1447,2113 1412,2118 1393,2119 1388,2111 1371,2111 1367,2120 1285,2122 1257,2121 1250,2115 1224,2114 1220,2123 1163,2127 1150,2126 1148,2120 1143,2117 1129,2119 1125,2127 1090,2126 1084,2118 1078,2117 1069,2121 1055,2118 1041,2127 812,2129 784,2124 778,2119 764,2119 753,2126 727,2123 705,2126 690,2123 639,2122 635,2117 621,2115 508,2120 446,2119"/>
        <Baseline points="352,2161 620,2151 771,2160 1253,2156 1669,2137"/>
        <Word id="word_1655455143686_1033" custom="readingOrder {index:0;}">
          <Coords points="408,2121 421,2119 444,2118 551,2118 553,2162 404,2168 393,2168 393,2150"/>
          <TextEquiv>
            <Unicode>„ſtatuat,</Unicode>
          </TextEquiv>
        </Word>
        <Word id="region0003_line0014_word0002" custom="readingOrder {index:1;}">
          <Coords points="585,2119 586,2161 711,2157 710,2125 705,2126 690,2123 639,2122 635,2117"/>
          <TextEquiv conf="0.85674226">
            <Unicode>Neque</Unicode>
          </TextEquiv>
        </Word>
        <Word id="region0003_line0014_word0003" custom="readingOrder {index:2;}">
          <Coords points="737,2154 782,2153 780,2121 778,2119 764,2119 753,2126 735,2123"/>
          <TextEquiv conf="0.9164732">
            <Unicode>4)</Unicode>
          </TextEquiv>
        </Word>
        <Word id="region0003_line0014_word0004" custom="readingOrder {index:3;}">
          <Coords points="804,2149 928,2145 927,2127 812,2129 803,2127"/>
          <TextEquiv conf="0.8929427">
            <Unicode>vocem</Unicode>
          </TextEquiv>
        </Word>
        <Word id="region0003_line0014_word0005" custom="readingOrder {index:4;}">
          <Coords points="956,2158 1159,2151 1158,2126 1150,2126 1148,2120 1143,2117 1129,2119 1125,2127 1090,2126 1084,2118 1078,2117 1069,2121 1055,2118 1041,2127 955,2127"/>
          <TextEquiv conf="0.20082718">
            <Unicode>attractionis</Unicode>
          </TextEquiv>
        </Word>
        <Word id="region0003_line0014_word0006" custom="readingOrder {index:5;}">
          <Coords points="1192,2138 1269,2135 1268,2121 1257,2121 1250,2115 1224,2114 1220,2123 1191,2125"/>
          <TextEquiv conf="0.9086315">
            <Unicode>odi,</Unicode>
          </TextEquiv>
        </Word>
        <Word id="region0003_line0014_word0007" custom="readingOrder {index:6;}">
          <Coords points="1308,2151 1415,2147 1410,2118 1393,2119 1388,2111 1371,2111 1367,2120 1303,2121"/>
          <TextEquiv conf="0.757748">
            <Unicode>modo</Unicode>
          </TextEquiv>
        </Word>
        <Word id="region0003_line0014_word0008" custom="readingOrder {index:7;}">
          <Coords points="1442,2157 1481,2156 1479,2104 1472,2105 1447,2113 1441,2113"/>
          <TextEquiv>
            <Unicode>5)</Unicode>
          </TextEquiv>
        </Word>
        <Word id="region0003_line0014_word0009" custom="readingOrder {index:8;}">
          <Coords points="1506,2131 1598,2128 1597,2106 1536,2108 1508,2103 1504,2103"/>
          <TextEquiv conf="0.20620339">
            <Unicode>leges</Unicode>
          </TextEquiv>
        </Word>
        <Word id="region0003_line0014_word0010" custom="readingOrder {index:9;}">
          <Coords points="1617,2119 1657,2118 1657,2115 1650,2115 1644,2106 1642,2098 1634,2095 1617,2097 1616,2098"/>
          <TextEquiv conf="0.8775784">
            <Unicode>il-</Unicode>
          </TextEquiv>
        </Word>
        <TextEquiv>
          <Unicode>„ſtatuat, Neque 4) vocem attractionis odi, modo 5) leges il-</Unicode>
        </TextEquiv>
      </TextLine>
      <TextLine id="region0003_line0015" custom="readingOrder {index:14;}">
        <Coords points="421,2168 412,2174 411,2192 349,2195 349,2233 418,2231 425,2227 446,2223 530,2217 715,2212 740,2217 744,2222 751,2224 765,2223 769,2217 778,2216 867,2218 871,2220 873,2227 891,2229 902,2224 919,2225 930,2222 1057,2221 1062,2226 1082,2226 1086,2226 1087,2220 1222,2216 1224,2222 1231,2224 1247,2216 1464,2207 1551,2208 1557,2218 1566,2220 1576,2218 1580,2208 1668,2207 1669,2195 1669,2162 1637,2161 1624,2154 1614,2154 1605,2162 1593,2164 1573,2163 1568,2154 1549,2156 1541,2164 1451,2166 1445,2162 1437,2162 1430,2166 1354,2172 1346,2171 1339,2163 1325,2163 1316,2173 1307,2165 1292,2167 1289,2173 1255,2174 1245,2174 1236,2165 1218,2167 1211,2175 1179,2178 1009,2181 966,2178 962,2171 937,2169 929,2171 926,2177 871,2178 867,2171 850,2167 837,2173 769,2174 715,2172 712,2167 705,2164 690,2166 688,2171 664,2173 652,2171 647,2163 629,2163 611,2163 606,2170 460,2178 450,2177 444,2167"/>
        <Baseline points="349,2222 522,2208 705,2202 905,2213 1669,2197"/>
        <Word id="region0003_line0015_word0000" custom="readingOrder {index:0;}">
          <Coords points="411,2174 411,2192 395,2192 397,2221 485,2218 483,2176 460,2178 450,2177 447,2173"/>
          <TextEquiv>
            <Unicode>„lius</Unicode>
          </TextEquiv>
        </Word>
        <Word id="region0003_line0015_word0001" custom="readingOrder {index:1;}">
          <Coords points="604,2170 521,2174 523,2208 723,2201 722,2172 715,2172 712,2167 710,2166 689,2167 688,2171 664,2173 652,2171 650,2168"/>
          <TextEquiv conf="0.88934654">
            <Unicode>attractionis</Unicode>
          </TextEquiv>
        </Word>
        <Word id="region0003_line0015_word0002" custom="readingOrder {index:2;}">
          <Coords points="747,2176 811,2174 812,2208 748,2210"/>
          <TextEquiv conf="0.91100687">
            <Unicode>pro</Unicode>
          </TextEquiv>
        </Word>
        <Word id="region0003_line0015_word0003" custom="readingOrder {index:3;}">
          <Coords points="838,2209 975,2204 974,2179 966,2178 962,2171 937,2169 929,2171 926,2177 871,2178 867,2171 850,2167 837,2173 836,2173"/>
          <TextEquiv conf="0.92103165">
            <Unicode>ſingulis</Unicode>
          </TextEquiv>
        </Word>
        <Word id="region0003_line0015_word0004" custom="readingOrder {index:4;}">
          <Coords points="1003,2202 1190,2196 1188,2177 1179,2178 1009,2181 1002,2180"/>
          <TextEquiv conf="0.90279126">
            <Unicode>corporum</Unicode>
          </TextEquiv>
        </Word>
        <Word id="region0003_line0015_word0005" custom="readingOrder {index:5;}">
          <Coords points="1217,2195 1390,2189 1389,2169 1354,2172 1346,2171 1339,2163 1325,2163 1316,2173 1307,2165 1292,2167 1289,2173 1255,2174 1245,2174 1236,2165 1218,2167 1215,2169"/>
          <TextEquiv conf="0.46903443">
            <Unicode>ſpeciebus</Unicode>
          </TextEquiv>
        </Word>
        <Word id="region0003_line0015_word0006" custom="readingOrder {index:6;}">
          <Coords points="1415,2192 1656,2184 1655,2161 1637,2161 1624,2154 1614,2154 1605,2162 1593,2164 1573,2163 1568,2154 1549,2156 1541,2164 1451,2166 1445,2162 1437,2162 1430,2166 1414,2167"/>
          <TextEquiv>
            <Unicode>circumſpecte</Unicode>
          </TextEquiv>
        </Word>
        <TextEquiv>
          <Unicode>„lius attractionis pro ſingulis corporum ſpeciebus circumſpecte</Unicode>
        </TextEquiv>
      </TextLine>
      <TextLine id="region0003_line0016" custom="readingOrder {index:15;}">
        <Coords points="708,2213 701,2216 699,2223 387,2239 382,2244 381,2253 349,2254 349,2291 422,2289 429,2283 443,2280 632,2271 676,2271 682,2279 697,2280 704,2269 768,2265 840,2266 853,2269 917,2271 941,2276 990,2270 1019,2273 1399,2263 1454,2266 1564,2262 1605,2263 1668,2259 1669,2253 1669,2224 1651,2223 1649,2215 1643,2209 1619,2210 1613,2217 1605,2210 1597,2211 1590,2221 1505,2222 1502,2215 1497,2211 1485,2213 1481,2222 1467,2222 1465,2213 1460,2208 1323,2215 1309,2224 1270,2224 1267,2219 1261,2216 1247,2217 1231,2225 1198,2228 1126,2228 1116,2220 1101,2221 1092,2229 1074,2226 1044,2229 1037,2222 1025,2222 1020,2229 958,2233 946,2229 919,2229 911,2224 902,2225 891,2230 872,2227 732,2223 724,2223 721,2215"/>
        <Baseline points="349,2281 440,2270 772,2255 956,2263 1669,2248"/>
        <Word id="word_1655455198734_1060" custom="readingOrder {index:0;}">
          <Coords points="414,2239 583,2233 585,2268 415,2274 400,2274 399,2257"/>
          <TextEquiv>
            <Unicode>„eruantur</Unicode>
          </TextEquiv>
        </Word>
        <Word id="region0003_line0016_word0002" custom="readingOrder {index:1;}">
          <Coords points="608,2233 655,2231 656,2256 609,2258"/>
          <TextEquiv>
            <Unicode>ex</Unicode>
          </TextEquiv>
        </Word>
        <Word id="region0003_line0016_word0003" custom="readingOrder {index:2;}">
          <Coords points="700,2216 699,2223 683,2223 685,2267 953,2258 951,2230 946,2229 919,2229 911,2224 902,2225 891,2230 872,2227 732,2223 724,2223 721,2215"/>
          <TextEquiv conf="0.849497">
            <Unicode>phaenomenis,</Unicode>
          </TextEquiv>
        </Word>
        <Word id="region0003_line0016_word0004" custom="readingOrder {index:3;}">
          <Coords points="986,2247 1036,2245 1035,2222 1025,2222 1020,2229 985,2231"/>
          <TextEquiv conf="0.91737205">
            <Unicode>vti</Unicode>
          </TextEquiv>
        </Word>
        <Word id="region0003_line0016_word0005" custom="readingOrder {index:4;}">
          <Coords points="1059,2245 1180,2241 1179,2228 1126,2228 1116,2220 1101,2221 1092,2229 1074,2226 1058,2227"/>
          <TextEquiv conf="0.8768608">
            <Unicode>factum</Unicode>
          </TextEquiv>
        </Word>
        <Word id="region0003_line0016_word0006" custom="readingOrder {index:5;}">
          <Coords points="1209,2239 1275,2237 1274,2224 1270,2224 1267,2219 1261,2216 1247,2217 1231,2225 1208,2227"/>
          <TextEquiv conf="0.17258874">
            <Unicode>eſſe</Unicode>
          </TextEquiv>
        </Word>
        <Word id="region0003_line0016_word0007" custom="readingOrder {index:6;}">
          <Coords points="1303,2236 1320,2235 1319,2217 1309,2224 1302,2224"/>
          <TextEquiv conf="0.9067659">
            <Unicode>a</Unicode>
          </TextEquiv>
        </Word>
        <Word id="region0003_line0016_word0008" custom="readingOrder {index:7;}">
          <Coords points="1342,2234 1412,2232 1411,2210 1341,2214"/>
          <TextEquiv conf="0.8899996">
            <Unicode>Cel.</Unicode>
          </TextEquiv>
        </Word>
        <Word id="region0003_line0016_word0009" custom="readingOrder {index:8;}">
          <Coords points="1431,2260 1546,2256 1545,2221 1505,2222 1502,2215 1497,2211 1485,2213 1481,2222 1467,2222 1465,2213 1460,2208 1430,2209"/>
          <TextEquiv conf="0.9095968">
            <Unicode>Iurino</Unicode>
          </TextEquiv>
        </Word>
        <Word id="region0003_line0016_word0010" custom="readingOrder {index:9;}">
          <Coords points="1576,2250 1662,2248 1659,2223 1651,2223 1649,2215 1643,2209 1619,2210 1613,2217 1605,2210 1597,2211 1590,2221 1573,2221"/>
          <TextEquiv conf="0.9300605">
            <Unicode>vidi-</Unicode>
          </TextEquiv>
        </Word>
        <TextEquiv>
          <Unicode>„eruantur ex phaenomenis, vti factum eſſe a Cel. Iurino vidi-</Unicode>
        </TextEquiv>
      </TextLine>
      <TextLine id="region0003_line0017" custom="readingOrder {index:16;}">
        <Coords points="620,2272 615,2284 604,2285 592,2276 525,2277 517,2282 515,2291 417,2295 404,2298 400,2310 349,2312 349,2348 423,2345 427,2342 480,2336 678,2324 768,2321 813,2327 861,2321 868,2329 883,2328 890,2319 905,2318 1006,2322 1136,2319 1157,2321 1161,2327 1171,2328 1181,2327 1185,2320 1252,2317 1385,2318 1467,2322 1551,2319 1573,2321 1580,2331 1668,2319 1669,2311 1669,2274 1523,2278 1512,2268 1501,2268 1493,2277 1468,2275 1459,2267 1445,2268 1438,2275 1421,2276 1414,2265 1402,2266 1397,2276 1297,2274 1185,2279 1093,2279 1086,2271 1072,2272 1068,2280 1035,2281 1009,2280 1001,2271 988,2271 982,2273 978,2279 894,2276 851,2277 850,2270 845,2268 793,2266 770,2269 759,2277 637,2284 635,2273"/>
        <Baseline points="349,2337 767,2311 1279,2306 1608,2314 1669,2310"/>
        <Word id="region0003_line0017_word0000" custom="readingOrder {index:0;}">
          <Coords points="402,2329 509,2325 507,2293 409,2296 404,2298 401,2306"/>
          <TextEquiv>
            <Unicode>„mus.</Unicode>
          </TextEquiv>
        </Word>
        <Word id="region0003_line0017_word0001" custom="readingOrder {index:1;}">
          <Coords points="557,2278 558,2318 649,2315 648,2283 637,2284 635,2275 618,2275 615,2284 604,2285 593,2276"/>
          <TextEquiv conf="0.721834">
            <Unicode>Tum</Unicode>
          </TextEquiv>
        </Word>
        <Word id="region0003_line0017_word0002" custom="readingOrder {index:2;}">
          <Coords points="675,2288 758,2285 759,2311 676,2314"/>
          <TextEquiv conf="0.9045438">
            <Unicode>vero</Unicode>
          </TextEquiv>
        </Word>
        <Word id="region0003_line0017_word0003" custom="readingOrder {index:3;}">
          <Coords points="786,2271 830,2269 831,2313 787,2315"/>
          <TextEquiv conf="0.89918244">
            <Unicode>6)</Unicode>
          </TextEquiv>
        </Word>
        <Word id="region0003_line0017_word0004" custom="readingOrder {index:4;}">
          <Coords points="857,2315 1144,2305 1143,2279 1093,2279 1086,2271 1072,2272 1068,2280 1035,2281 1009,2280 1001,2271 988,2271 982,2273 978,2279 894,2276 856,2276"/>
          <TextEquiv conf="0.840643">
            <Unicode>quemadmodum</Unicode>
          </TextEquiv>
        </Word>
        <Word id="region0003_line0017_word0005" custom="readingOrder {index:5;}">
          <Coords points="1164,2306 1227,2303 1226,2277 1185,2279 1163,2279"/>
          <TextEquiv>
            <Unicode>pro</Unicode>
          </TextEquiv>
        </Word>
        <Word id="region0003_line0017_word0006" custom="readingOrder {index:6;}">
          <Coords points="1248,2291 1319,2288 1318,2274 1297,2274 1247,2276"/>
          <TextEquiv conf="0.78512645">
            <Unicode>mea</Unicode>
          </TextEquiv>
        </Word>
        <Word id="region0003_line0017_word0007" custom="readingOrder {index:7;}">
          <Coords points="1336,2292 1582,2283 1581,2276 1523,2278 1512,2268 1501,2268 1493,2277 1468,2275 1459,2267 1445,2268 1438,2275 1421,2276 1414,2265 1402,2266 1397,2276 1335,2274"/>
          <TextEquiv conf="0.89628434">
            <Unicode>coniectatione</Unicode>
          </TextEquiv>
        </Word>
        <Word id="region0003_line0017_word0008" custom="readingOrder {index:8;}">
          <Coords points="1600,2294 1661,2292 1660,2274 1599,2275"/>
          <TextEquiv conf="0.91735387">
            <Unicode>ge-</Unicode>
          </TextEquiv>
        </Word>
        <TextEquiv>
          <Unicode>„mus. Tum vero 6) quemadmodum pro mea coniectatione ge-</Unicode>
        </TextEquiv>
      </TextLine>
      <TextLine id="region0003_line0018" custom="readingOrder {index:17;}">
        <Coords points="743,2323 736,2335 715,2336 711,2326 695,2326 683,2337 671,2339 599,2341 542,2348 539,2339 534,2335 511,2336 504,2340 502,2349 407,2354 403,2357 401,2365 350,2366 349,2398 448,2397 629,2387 635,2396 648,2397 656,2395 660,2386 667,2384 853,2374 1026,2372 1037,2373 1045,2384 1055,2383 1063,2380 1067,2372 1091,2370 1481,2382 1611,2374 1632,2376 1654,2383 1668,2381 1669,2332 1645,2333 1640,2324 1579,2333 1573,2325 1559,2324 1553,2333 1547,2323 1534,2323 1527,2326 1522,2334 1515,2335 1509,2328 1494,2324 1485,2325 1478,2332 1470,2324 1461,2324 1455,2331 1453,2323 1448,2321 1401,2322 1393,2332 1376,2333 1328,2331 1326,2323 1322,2320 1307,2323 1292,2320 1284,2323 1279,2331 1257,2331 1236,2329 1229,2318 1219,2319 1211,2328 1149,2328 1136,2320 1123,2321 1120,2328 1014,2332 1008,2331 1007,2324 1003,2321 956,2322 946,2329 763,2333 759,2324"/>
        <Baseline points="349,2394 878,2364 1110,2360 1668,2370"/>
        <Word id="region0003_line0018_word0000" custom="readingOrder {index:0;}">
          <Coords points="504,2339 504,2340 502,2349 407,2354 403,2357 401,2361 403,2387 551,2382 549,2347 542,2348 539,2339 538,2338"/>
          <TextEquiv>
            <Unicode>„neralis</Unicode>
          </TextEquiv>
        </Word>
        <Word id="region0003_line0018_word0001" custom="readingOrder {index:1;}">
          <Coords points="688,2331 683,2337 671,2339 599,2341 574,2344 576,2388 663,2384 667,2384 853,2374 859,2373 858,2330 763,2333 761,2329 738,2330 736,2335 715,2336 713,2331"/>
          <TextEquiv conf="0.9088386">
            <Unicode>corpuſculorum</Unicode>
          </TextEquiv>
        </Word>
        <Word id="region0003_line0018_word0002" custom="readingOrder {index:2;}">
          <Coords points="951,2326 946,2329 880,2330 881,2364 1026,2359 1025,2332 1014,2332 1008,2331 1007,2324 1007,2324"/>
          <TextEquiv conf="0.44727966">
            <Unicode>acceſſus</Unicode>
          </TextEquiv>
        </Word>
        <Word id="region0003_line0018_word0003" custom="readingOrder {index:3;}">
          <Coords points="1046,2371 1176,2366 1175,2328 1149,2328 1136,2320 1123,2321 1120,2328 1045,2330"/>
          <TextEquiv conf="0.67159384">
            <Unicode>pendet</Unicode>
          </TextEquiv>
        </Word>
        <Word id="region0003_line0018_word0004" custom="readingOrder {index:4;}">
          <Coords points="1202,2353 1242,2352 1241,2329 1236,2329 1229,2318 1219,2319 1211,2328 1201,2328"/>
          <TextEquiv conf="0.91463053">
            <Unicode>ab</Unicode>
          </TextEquiv>
        </Word>
        <Word id="region0003_line0018_word0005" custom="readingOrder {index:5;}">
          <Coords points="1263,2353 1391,2349 1390,2332 1376,2333 1328,2331 1326,2323 1322,2320 1307,2323 1292,2320 1284,2323 1279,2331 1262,2331"/>
          <TextEquiv conf="0.66371465">
            <Unicode>actione</Unicode>
          </TextEquiv>
        </Word>
        <Word id="region0003_line0018_word0006" custom="readingOrder {index:6;}">
          <Coords points="1413,2350 1508,2347 1507,2327 1494,2324 1485,2325 1478,2332 1470,2324 1461,2324 1455,2331 1453,2323 1448,2321 1412,2321"/>
          <TextEquiv>
            <Unicode>fluidi</Unicode>
          </TextEquiv>
        </Word>
        <Word id="region0003_line0018_word0007" custom="readingOrder {index:7;}">
          <Coords points="1527,2352 1664,2347 1663,2332 1645,2333 1640,2324 1579,2333 1573,2325 1559,2324 1553,2333 1547,2323 1534,2323 1527,2326 1526,2326"/>
          <TextEquiv>
            <Unicode>ſubtilis,</Unicode>
          </TextEquiv>
        </Word>
        <TextEquiv>
          <Unicode>„neralis corpuſculorum acceſſus pendet ab actione fluidi ſubtilis,</Unicode>
        </TextEquiv>
      </TextLine>
      <TextEquiv>
        <Unicode>Recenſenda iam eſſet Bulfingeri explicatio, cuius ſpem fe-&#13;
cerat in priore diſſertationum allatarum his verbis: „Quid mihi&#13;
„videatur exponam diſſertatione ſecunda, quae plura etiam de his&#13;
„tubulis experimenta continebit, et concluſiones aliquot eiſdem&#13;
„ſuperſtruet;„ Sed in notis ad diſquiſitiones phyſicas de tubis ca-&#13;
pillaribus a Iacobo Iurino ad academiam tranſmiſſas et Tom. III.&#13;
Commentarr. inſertas, Iurini, cui in priore diſſertatione contra-&#13;
dixerat, explicationem his verbis laudat, ſuamque ipſius mentem&#13;
ſatis declarat: „1) Nullum ego de Capillaribus experimentum&#13;
„noui, quod huic expoſitioni repugnet. 2) Non dubito, quin&#13;
„ſpecialia omnia poſſint ad hoc generale attractionis phaenome-&#13;
„non reduci, et ex illo explicari. 3) Non intercedo, ſi quis&#13;
„generalem corpuſculorum minimorum ad ſe inuicem acceſſum&#13;
„ſtatuat, Neque 4) vocem attractionis odi, modo 5) leges il-&#13;
„lius attractionis pro ſingulis corporum ſpeciebus circumſpecte&#13;
„eruantur ex phaenomenis, vti factum eſſe a Cel. Iurino vidi-&#13;
„mus. Tum vero 6) quemadmodum pro mea coniectatione ge-&#13;
„neralis corpuſculorum acceſſus pendet ab actione fluidi ſubtilis,</Unicode>
      </TextEquiv>
    </TextRegion>
  </Page>
</PcGts>
