1537 2309
434 353 509 377 rium
525 358 609 391 atque
629 353 784 387 honorem,
810 355 936 394 gloriam
957 356 1043 393 belli,
1061 368 1169 401 genus,
1197 356 1390 401 nobilitatem,

431 405 535 436 magna
550 398 612 439 ipſis
625 399 772 440 fruenda,
793 401 903 446 majora
926 406 1025 438 liberis
1047 409 1247 450 relinquenda.
1289 411 1389 451 Hujus

430 439 549 475 generis
566 435 720 472 orationes
737 442 789 474 ubi
806 445 903 481 accipi
919 446 1044 482 videre;
1068 455 1177 479 novam
1199 453 1387 491 rogationem

428 483 640 522 promulgant,
666 492 700 514 ut
720 495 775 523 pro
797 490 963 522 duumviris
990 492 1079 523 ſacris
1104 494 1251 529 faciundis
1268 499 1388 529 decem-

428 528 488 558 viri
505 534 662 563 creentur;
677 529 718 558 ita
734 537 766 558 ut
778 540 847 569 pars
865 540 899 562 ex
907 534 1016 572 plebe,
1037 542 1106 572 pars
1123 546 1158 567 ex
1171 537 1308 572 Patribus
1317 542 1387 573 fiat:

428 569 623 605 omniumque
643 577 741 600 earum
755 572 948 612 rogationum
966 576 1089 607 comitia
1108 578 1138 608 in
1154 581 1313 613 adventum
1322 582 1388 621 ejus

428 611 579 641 exercitus
594 612 754 648 differunt,
779 616 831 649 qui
849 617 981 649 Velitras
999 618 1165 649 obſidebat.

509 651 675 686 XXXVIII.
700 654 784 685 Prius
802 654 997 687 circumactus
1011 657 1053 687 eſt
1067 666 1180 693 annus,
1201 662 1290 698 quam
1298 657 1315 702 a
1329 663 1385 700 Ve-

424 693 504 723 litris
519 693 733 726 reducerentur
750 696 898 736 legiones.
918 701 959 730 ita
976 698 1111 739 ſuſpenſa
1135 703 1172 731 de
1196 703 1313 744 legibus
1333 713 1383 735 res

425 732 463 762 ad
485 742 584 764 novos
602 737 741 768 tribunos
763 739 888 771 militum
909 742 1010 774 dilata.
1036 750 1103 773 nam
1125 743 1221 783 plebis
1241 745 1386 780 tribunos

423 779 565 812 eoſdem,
588 780 665 811 duos
685 783 811 820 utique,
833 785 904 822 quia
917 785 1015 825 legum
1029 787 1141 821 latores
1156 795 1258 826 erant,
1274 791 1381 829 plebes

421 821 590 854 reſiciebat.
632 825 762 857 Tribuni
789 827 916 858 militum
942 830 1035 863 creati
1055 833 1095 863 T.
1117 832 1293 873 Quinctius,
1315 836 1381 869 Ser.

423 863 606 901 Cornelius,
625 866 690 897 Ser.
716 867 890 906 Sulpicius,
915 869 967 909 Sp.
990 872 1160 910 Servilius,
1183 874 1217 904 L.
1232 874 1382 916 Papirius,

418 906 455 937 L.
471 904 628 938 Veturius.
670 909 824 946 Principio
840 911 936 943 ſtatim
956 913 1023 945 anni
1048 916 1085 946 ad
1104 915 1238 947 ultimam
1257 918 1381 951 dimica-

417 947 533 978 tionem
550 949 588 976 de
601 949 719 985 legibus
735 959 876 983 ventum:
899 952 950 990 &,
972 961 1063 991 quum
1078 957 1175 989 tribus
1183 964 1382 997 vocarentur;

417 995 476 1020 nec
488 989 655 1021 interceſſio
671 991 854 1031 collegarum
869 993 1016 1027 latoribus
1034 996 1185 1034 obſtaret,
1207 1000 1318 1038 trepidi
1333 1002 1380 1032 Pa-

416 1034 479 1059 tres
497 1030 534 1059 ad
555 1031 617 1060 duo
634 1032 739 1063 ultima
747 1033 875 1070 auxilia,
896 1038 1038 1068 ſummum
1050 1038 1206 1078 imperium
1221 1040 1380 1074 ſummum-

417 1077 478 1108 que
493 1071 529 1100 ad
544 1072 662 1110 civem,
686 1072 862 1109 decurrunt.
901 1079 1087 1112 Dictatorem
1096 1081 1158 1110 dici
1171 1082 1280 1119 placet.
1303 1085 1380 1117 dici-

416 1119 467 1143 tur
483 1115 527 1144 M.
546 1114 653 1147 Furius
669 1114 836 1150 Camillus,
858 1118 908 1155 qui
924 1119 1094 1158 magiſtrum
1116 1123 1252 1161 equitum
1269 1124 1304 1155 L.
1318 1129 1378 1158 Ae-

414 1153 531 1188 milium
552 1161 686 1194 cooprat.
730 1156 842 1197 Legum
864 1166 988 1199 quoque
1011 1162 1123 1196 latores
1146 1163 1288 1204 adverſus
1313 1174 1376 1202 tan-

414 1201 479 1225 tum
499 1196 671 1235 adparatum
690 1200 928 1234 adverſariorum
948 1204 978 1235 &
992 1204 1045 1243 ipſi
1068 1207 1193 1248 cauſſam
1216 1208 1312 1247 plebis
1328 1213 1376 1243 in-

413 1239 554 1274 gentibus
571 1241 675 1271 animis
691 1248 827 1274 armant:
848 1245 1044 1285 concilioque
1057 1248 1156 1287 plebis
1166 1249 1300 1289 indicto,
1320 1254 1376 1284 tri-

412 1283 470 1313 bus
495 1285 531 1315 ad
557 1284 727 1325 ſuffragium
749 1296 875 1321 vocant.
948 1292 1032 1331 Quum
1055 1288 1212 1334 dictator,
1249 1296 1374 1332 ſtipatus

410 1322 526 1358 agmine
541 1324 758 1362 patriciorum,
779 1329 886 1365 plenus
900 1329 951 1360 iræ
960 1330 1167 1370 minarumque
1180 1335 1372 1373 conſediſſet,

409 1369 500 1400 atque
517 1371 654 1403 ageretur
668 1363 722 1397 res
730 1368 820 1399 ſolito
833 1371 963 1409 primum
982 1372 1146 1405 certamine
1168 1375 1247 1407 inter
1269 1376 1300 1407 ſe
1316 1379 1374 1409 tri-

408 1407 559 1437 bunorum
574 1409 669 1446 plebi,
683 1411 848 1443 ferentium
864 1412 958 1451 legem
967 1414 1303 1457 intercedentiumque,
1328 1418 1374 1455 &,

408 1453 522 1485 quanto
535 1448 604 1485 jure
628 1451 786 1488 potentior
805 1454 970 1488 interceſſio
992 1462 1076 1494 erat,
1098 1465 1213 1491 tantum
1233 1463 1373 1494 vincere-

408 1497 459 1521 tur
477 1492 585 1521 favore
607 1495 705 1529 legum
728 1494 855 1532 ipſarum
876 1493 1084 1537 latorumque,
1117 1499 1165 1539 &,
1199 1502 1253 1533 Uti
1272 1509 1371 1544 rogas,

407 1532 513 1570 primæ
534 1534 631 1565 tribus
652 1536 807 1573 dicerent;
829 1545 891 1569 tum
914 1540 1080 1577 Camillus,
1110 1538 1366 1587 Quandoquidem,

409 1571 530 1609 inquit,
555 1568 709 1613 Quirites,
723 1573 788 1613 jam
802 1585 851 1605 vos
867 1578 1027 1616 trihunicia
1042 1580 1149 1618 libido,
1170 1583 1231 1622 non
1231 1582 1376 1625 poteſtas,

405 1619 502 1653 regit,
524 1614 565 1653 &
565 1615 813 1658 interceſſionem,
825 1618 973 1660 ſeceſſione
987 1624 1131 1664 quondam
1143 1624 1233 1666 plebis
1236 1632 1367 1668 partam,

406 1658 486 1685 vobis
502 1656 598 1686 eadem
613 1658 644 1685 vi
647 1658 760 1696 facitis
774 1660 912 1695 irritam,
935 1669 993 1700 qua
1008 1663 1175 1704 peperiſtis;
1195 1675 1254 1695 non
1273 1667 1367 1709 reipu-

405 1699 484 1724 blicæ
505 1697 595 1733 magis
609 1695 765 1736 univerſæ,
785 1704 871 1737 quam
886 1701 981 1738 veſtra
1002 1700 1110 1740 cauſſa,
1132 1698 1265 1735 dictator
1275 1707 1370 1739 inter-

404 1739 514 1776 ceſſioni
528 1743 635 1774 adero,
658 1739 840 1782 everſumque
855 1743 979 1781 veſtrum
993 1747 1134 1778 auxilium
1150 1747 1267 1789 imperio
1284 1758 1366 1782 tuta-

403 1782 466 1812 bor.
510 1780 631 1822 Itaque,
646 1782 686 1820 ſi.
701 1784 733 1815 C.
750 1784 877 1816 Licinius
895 1787 928 1822 &
934 1789 970 1821 L.
982 1787 1102 1820 Sextius
1109 1787 1302 1832 interceſſioni
1307 1795 1365 1826 col-

403 1825 534 1862 legarum
548 1824 670 1860 cedunt;
693 1823 766 1856 nihil
774 1827 930 1869 patricium
943 1828 1144 1871 magiſtratum
1157 1832 1279 1874 inſeram
1297 1844 1364 1866 con-

404 1868 470 1895 cilio
485 1864 584 1904 plebis.
599 1865 632 1904 ſi
647 1866 783 1908 adverſus
794 1866 1033 1910 interceſſionem,
1054 1878 1200 1912 tamquam
1223 1881 1310 1916 captæ
1322 1877 1364 1907 ci-

404 1910 494 1936 vitati
506 1905 577 1945 leges
592 1904 732 1950 inponere
740 1910 880 1949 tendent,
903 1915 961 1944 vim
976 1913 1163 1947 tribuniciam
1176 1928 1193 1947 a
1192 1917 1228 1959 ſe
1235 1918 1294 1960 ipſa
1302 1920 1364 1961 diſ-

400 1950 473 1987 ſolvi
493 1957 548 1978 non
559 1956 672 1990 patiar.
713 1952 869 1986 Adverſus
885 1963 919 1984 ea
933 1961 1023 1995 quum
1046 1959 1223 1992 contemtim
1250 1962 1361 1994 tribuni

401 1993 500 2032 plebis
513 2002 575 2025 rem
590 1995 688 2028 nihilo
713 1998 832 2038 ſegnius
852 2005 1049 2040 peragerent,
1071 2009 1133 2036 tum
1156 2006 1291 2043 percitus
1316 2009 1362 2039 ira
