1650 2198
672 802 751 840 1177

659 1227 742 1271 1178

783 290 842 334 die
852 288 1062 333 Guarniſon
1077 300 1158 339 von
1167 299 1322 343 dannen
1331 299 1552 356 ausgezogen

781 341 869 397 ſeyn
877 349 994 391 wird.
1026 346 1181 404 Jedoch
1190 350 1258 398 ſoll
1268 355 1387 399 denen
1401 359 1549 406 Alliirten

777 396 1000 456 inzwiſchen
1015 399 1171 451 erlaubt
1186 406 1291 460 ſeyn/
1310 408 1481 464 Wachen
1493 415 1547 471 bey

776 447 838 505 die
844 453 1085 511 Magazinen/
1094 461 1132 515 ſo
1147 465 1254 518 wohl
1270 473 1351 512 von
1360 464 1546 525 Fruͤchten/

775 515 971 566 Fouragie/
981 514 1126 569 Saltz/
1143 517 1329 571 Proviant,
1342 519 1404 569 als
1430 517 1542 581 Kriegs⸗

776 565 973 610 Munition
982 562 1168 626 zuſtellen.
1188 566 1320 627 Welche
1335 577 1539 627 Proviſionen

774 619 850 667 alle
870 622 1074 679 getreulich
1096 628 1219 675 denen
1241 624 1425 681 Alliirten
1447 637 1481 681 in
1497 638 1537 688 die

771 679 922 738 Haͤnde
940 683 1175 740 angewieſen
1191 693 1346 740 werden
1365 695 1454 747 ſoll/
1475 703 1535 743 und

768 732 946 787 darnach
981 739 1069 794 ſolle
1096 732 1166 789 der
1191 740 1360 801 Auszug
1393 740 1468 794 von
1485 753 1533 796 der

766 792 976 838 Guarniſon
988 794 1196 853 geſchehen.
1235 806 1317 850 XI.)
1345 799 1463 857 Solle
1463 802 1534 857 dieſe

762 847 1019 900 Capitulation
1034 850 1117 899 von
1132 854 1271 906 beeden
1287 856 1444 913 Theilen
1458 862 1531 913 voll⸗

760 906 987 962 zogen/und
999 910 1080 960 von
1088 912 1221 970 Jhrer
1228 910 1531 975 Durchlaͤuchtig⸗

759 968 834 1013 keit
869 968 969 1020 (fuͤr
990 969 1099 1024 Sich
1122 969 1216 1019 und
1226 971 1349 1023 Dero
1360 979 1529 1029 Waffen/

756 1014 894 1070 welche
902 1016 987 1068 Sie
997 1013 1300 1075 commandiren)
1313 1020 1529 1086 unterſchrie⸗

755 1073 834 1120 ben
841 1077 1008 1125 werden.
1015 1076 1235 1135 Beſchehen
1242 1091 1292 1137 zu
1299 1076 1528 1143 Carmagnolo

755 1131 833 1177 den
848 1143 903 1184 29.
914 1134 1072 1178 Octobr.
1083 1137 1122 1178 ſt.
1152 1152 1167 1179 n.
1179 1132 1422 1192 MDCXCI.

873 1231 907 1277 §.
935 1231 999 1271 IV.
1055 1228 1210 1284 Capita,
1244 1235 1383 1285 quibus
1400 1235 1527 1282 Veurne

757 1280 874 1325 Gallis
882 1281 1014 1327 Menſe
1021 1286 1198 1336 Januariô
1210 1293 1464 1338 MDCXCIII.
1473 1296 1526 1336 de-

754 1333 846 1379 dita,
856 1349 899 1376 ex
909 1340 1068 1383 novellis
1078 1341 1312 1388 obſervata.
1331 1342 1463 1400 Gleich
1473 1348 1524 1402 itzo

752 1393 971 1445 vernimmt
984 1398 1118 1449 man/
1152 1401 1245 1458 daß
1261 1398 1336 1458 der
1356 1402 1525 1455 Commen-

753 1446 845 1488 dant
867 1454 949 1494 von
970 1454 1118 1495 Veurne
1145 1450 1216 1510 den
1237 1468 1281 1512 7.
1299 1458 1440 1516 dieſes/
1469 1463 1524 1506 des

750 1505 922 1555 Abends
950 1512 1025 1558 den
1051 1509 1147 1559 Ort
1163 1512 1371 1572 folgender
1378 1519 1524 1574 Maſſen

749 1561 982 1620 uͤbergeben.
1036 1569 1130 1619 Der
1140 1570 1310 1629 Marquis
1325 1568 1366 1623 de
1387 1576 1522 1622 Bofleurs

746 1620 825 1674 hat
839 1624 898 1669 die
910 1620 1185 1680 nachfolgende
1192 1630 1446 1686 Capitulation
1457 1638 1523 1682 von

748 1683 902 1725 Veurne
921 1678 1184 1739 uͤberſandt.
