2530 3099
348 693 435 723 anno
444 685 558 738 primo
571 693 670 739 regni
684 688 857 732 Chunradi
865 695 1078 747 glorioſiſſimi
1084 700 1196 748 Regis.
1207 701 1326 741 Actum
1345 704 1394 745 ad
1404 706 1521 747 Tribu-

346 739 440 773 riam
462 739 500 772 in
517 730 648 790 palatio
672 744 765 792 regio
772 742 935 794 feliciter.
951 750 1069 789 Amen.
1069 751 1185 792 „Et
1206 753 1244 788 in
1265 754 1372 791 Hedæ
1388 755 1520 796 Hiſtor.

347 787 522 841 „Epiſcop.
537 793 842 847 Ultraiectinorum
842 798 878 848 p.
895 809 945 842 73.
963 807 1109 841 occurrit
1123 803 1274 843 eiusdem
1286 808 1387 856 Regis
1405 812 1520 848 charta

347 843 434 882 data
451 845 520 883 VII.
537 847 619 886 Idus
628 848 725 898 Julii
740 861 828 887 anno
841 856 1012 890 incarnat.
1025 857 1119 894 Dom.
1136 861 1342 900 DCCCCXIV.
1359 864 1519 904 indictio-

345 905 386 932 ne
393 894 523 939 II.anno
529 899 638 947 Regni
647 900 794 937 Conradi
793 900 1107 957 glorioſiſſimiRegis
1115 911 1214 945 tertio
1235 912 1287 948 &c.
1299 909 1350 947 Sed
1365 924 1445 960 pace
1454 919 1520 954 viri

346 941 555 985 celeberrimi
565 952 708 985 dixerim
718 957 871 988 nondum
879 950 923 988 ſic
931 965 1074 992 omnem
1085 956 1328 997 dubitationem
1337 954 1418 1006 tolli.
1433 965 1517 1003 Prior

347 997 438 1034 enim
448 1000 561 1037 charta
570 1001 604 1037 id
611 1001 722 1042 ſolum
732 1004 864 1043 evincit,
880 1015 952 1040 non
961 1016 1038 1044 ante
1053 1007 1250 1059 vigeſimum
1267 1014 1403 1050 tertium
1420 1013 1515 1055 diem

344 1050 503 1105 Auguſti;
512 1053 686 1110 poſterior,
708 1071 781 1096 non
789 1067 866 1099 ante
875 1075 1007 1102 nonum
1015 1065 1104 1103 diem
1114 1066 1192 1113 Julii
1208 1072 1285 1109 anni
1300 1074 1515 1115 DCCCCXI.

343 1105 488 1146 electum
499 1108 562 1148 eſſe
579 1109 787 1152 Conradum.
842 1111 909 1153 Sed
924 1129 1014 1167 pone
1030 1129 1111 1154 eum
1130 1130 1249 1170 regem
1266 1121 1409 1163 electum
1427 1137 1516 1163 anno

342 1163 574 1205 DCCCCXII.
592 1162 705 1203 menſe
721 1166 850 1213 Junio,
879 1171 1009 1217 utrique
1027 1171 1160 1211 chartae
1176 1173 1231 1213 ſua
1249 1175 1408 1217 conſtabit
1421 1183 1515 1219 ratio.

341 1211 437 1250 Prior
452 1214 593 1265 primo,
624 1212 792 1264 poſterior
806 1221 906 1258 tertio
920 1224 1017 1270 regni
1033 1236 1123 1262 anno
1139 1224 1213 1264 data
1231 1231 1302 1266 erit.
1356 1231 1514 1271 Tantum

341 1263 506 1301 nimirum
523 1264 628 1309 abeſt,
646 1276 683 1305 ut
693 1266 825 1308 tollatur
839 1270 908 1308 hoc
922 1274 1022 1322 pacto
1032 1274 1192 1315 dubitatio
1204 1281 1335 1319 omnis,
1352 1289 1408 1321 ut,
1427 1292 1511 1331 quae

338 1312 438 1352 fuerit
454 1324 529 1354 ante
546 1317 764 1372 ambiguitas,
782 1318 902 1361 eadem
917 1332 950 1360 et
958 1336 1047 1362 nunc
1056 1336 1238 1366 remaneat.
1288 1333 1512 1373 Innotuerunt

336 1367 547 1423 diplomata,
573 1374 692 1425 quibus
706 1389 758 1415 res
773 1378 856 1418 haec
875 1391 940 1431 pro
957 1392 1045 1419 anno
1062 1393 1121 1429 911.
1138 1387 1247 1434 magis
1263 1387 1373 1427 adhuc
1389 1393 1512 1431 confici

338 1422 475 1464 videtur.
517 1428 745 1469 Confirmatio
769 1432 1030 1485 Privilegiorum
1046 1435 1325 1480 Mechedenſium
1339 1444 1424 1480 data
1440 1450 1508 1485 XII.

335 1473 414 1510 Idus
428 1476 560 1513 Martii
584 1484 677 1513 anno
677 1482 936 1518 incarnationis
952 1484 1083 1523 domini
1099 1490 1310 1529 DCCCCXIII.
1330 1503 1417 1527 anno
1431 1506 1508 1530 vero

335 1530 430 1571 regni
439 1527 568 1565 domini
582 1530 772 1570 Chounradi
785 1537 824 1571 II.
876 1533 931 1580 Et
931 1534 1184 1586 Corbejenſium
1199 1539 1456 1594 privilegiorum
1466 1547 1505 1583 ſi-

333 1574 421 1611 milis
434 1575 650 1617 confirmatio
664 1578 754 1617 data
767 1585 822 1620 IIl.
840 1587 914 1622 Non
930 1585 1108 1624 Februarii
1121 1602 1207 1625 anno
1218 1590 1258 1626 ab
1276 1594 1505 1631 incarnatione

331 1634 470 1673 Domini
487 1638 757 1680 DCCCCXIII.
835 1643 948 1692 Regni
972 1645 1118 1683 Conradi
1131 1647 1330 1697 ſereniſſimi
1347 1653 1448 1703 Regis
1465 1654 1505 1691 II.

332 1678 463 1721 Videſis
472 1691 648 1735 utramque
664 1683 751 1723 hanc
766 1686 1061 1730 confirmationem
1072 1691 1158 1741 apud
1170 1697 1383 1734 Schatenium
1393 1708 1429 1735 in
1439 1704 1507 1737 An-

333 1731 398 1770 nal.
415 1733 618 1775 Paderborn.
628 1739 660 1777 P.
669 1739 695 1778 I.
704 1742 741 1779 L.
759 1742 816 1781 III.
869 1744 968 1782 Extat
983 1752 1015 1781 et
1039 1744 1117 1796 apud
1142 1747 1318 1786 Brovverum
1342 1754 1376 1785 in
1390 1755 1503 1802 Antiq.

330 1786 483 1828 Fuldenſ.
500 1792 537 1828 L.
549 1784 608 1829 IV.
626 1803 659 1842 p.
668 1795 736 1834 282.
756 1792 967 1846 privilegium
978 1796 1094 1837 datum
1106 1802 1180 1840 VIII.
1190 1802 1265 1841 Idus
1272 1806 1399 1855 Aprilis
1415 1819 1504 1844 anno

328 1840 579 1879 incarnationis
588 1842 717 1883 domini
730 1844 930 1890 DCCCCXII.
946 1850 1128 1891 indictione
1137 1854 1205 1890 XV.
1217 1862 1377 1904 regnante
1378 1857 1502 1908 glorio-

319 1891 436 1941 ſiſſimo
443 1895 529 1945 Rege
538 1895 692 1935 Cunrado
697 1910 786 1936 anno
795 1901 822 1938 I.
831 1903 927 1952 regni
936 1904 1014 1940 eius.
1067 1908 1119 1943 Ex
1128 1907 1178 1943 his
1189 1905 1324 1957 quidem
1335 1918 1422 1959 patet
1428 1913 1504 1964 poſt

327 1947 465 1984 tertium
482 1947 651 1987 Februarii
675 1954 753 1991 anni
776 1955 1010 1999 DCCCCXII.
1035 1969 1107 1994 non
1129 1959 1272 1999 electum
1289 1961 1503 2003 Conradum.

325 1994 446 2044 Neque
460 2005 577 2034 tamen
590 2001 662 2035 tolli
671 2001 739 2037 hoc
747 2005 846 2052 pacto
858 2015 999 2042 omnem
1008 2003 1247 2046 dubitationem
1260 2008 1420 2050 affirmari
1429 2025 1500 2064 pot-

325 2048 382 2088 eſt
434 2049 547 2091 Simile
562 2063 627 2103 ego
645 2055 837 2106 exemplum
855 2057 1070 2111 ſuppeditabo
1085 2065 1121 2099 in
1141 2062 1303 2104 Conrado
1319 2070 1360 2108 II.
1377 2070 1496 2110 Salico.

325 2100 482 2139 Occurrit
496 2104 582 2153 apud
597 2106 755 2144 Schaten.
764 2108 830 2144 loc.
846 2112 897 2146 cit.
908 2109 1051 2161 diploma
1062 2110 1179 2151 datum
1188 2105 1253 2152 IV.
1263 2114 1341 2154 Idus
1353 2121 1494 2172 Septem-

322 2153 394 2192 bris
410 2168 498 2193 anno
505 2162 643 2199 Domini
651 2164 818 2206 MXXIV,
839 2177 926 2203 anno
940 2177 1014 2204 vero
1020 2167 1160 2205 Domini
1169 2169 1343 2211 Chunradi
1351 2174 1494 2225 ſecundi

314 2212 440 2261 primo.
492 2211 584 2264 Quid
600 2212 642 2253 de
656 2214 715 2253 illo
732 2215 920 2263 iudicabis,
936 2221 993 2271 qui
1009 2231 1048 2257 ex
1062 2219 1129 2258 hoc
1145 2220 1326 2278 diplomate
1346 2228 1493 2279 colligit,

322 2278 412 2306 anno
430 2271 592 2313 MXXIII.
626 2270 828 2315 Conradum
841 2275 988 2317 Salicum
1002 2287 1146 2326 regnum
1164 2281 1302 2333 cepiſſe?
1342 2284 1431 2340 Quid
1450 2287 1491 2323 de

280 2314 385 2345 alio
398 2314 568 2363 quodam,
594 2320 651 2364 qui
667 2317 747 2353 inde
759 2318 883 2356 inferet
900 2332 975 2357 ante
992 2316 1142 2359 menſem
1160 2324 1394 2376 Septembrem
1411 2333 1488 2364 anni

316 2367 481 2408 MXXIV.
495 2367 591 2407 illum
603 2382 725 2411 rerum
744 2371 808 2411 eſſe
824 2379 990 2426 potitum,
1005 2371 1095 2426 quod
1110 2388 1166 2411 on
1172 2380 1254 2415 nino
1271 2395 1383 2431 prono
1397 2386 1418 2419 &
1437 2382 1486 2419 fa-

316 2419 370 2454 cili
380 2431 468 2456 nexu
477 2423 547 2457 inde
562 2424 663 2475 fluere
675 2421 825 2464 videtur?
867 2430 931 2467 Num
933 2434 1129 2478 utrumque
1143 2429 1212 2470 falli
1232 2434 1333 2475 dices?
1356 2439 1400 2473 Et
1408 2448 1486 2485 pro-

285 2469 409 2511 fecto
426 2473 459 2512 ſe
475 2487 528 2512 res
543 2478 587 2512 ita
603 2479 713 2517 habet.
749 2481 905 2520 Etenim
933 2483 1046 2522 auctor
1062 2486 1146 2522 vitae
1163 2488 1369 2529 Meinwerci
1392 2501 1419 2523 c.
1434 2500 1485 2535 93.

315 2524 403 2570 apud
411 2524 621 2573 Leibnizium
630 2531 739 2568 Tom.
748 2533 773 2570 I.
782 2533 900 2582 Script.
908 2531 1207 2577 Brunſwicenſium
1220 2552 1251 2589 p.
1261 2551 1317 2587 557
1334 2539 1483 2582 teſtatur:
