2477 2988
1546 677 1644 724 XIX

419 755 592 815 pretatio
611 749 856 802 retineatur,
886 741 1204 800 triumphaverit
1222 733 1474 796 reſurgendo
1492 745 1512 776 a
1525 744 1630 776 mor-

420 818 519 868 tuis,
556 813 690 858 Paulus
717 808 779 855 his
805 806 942 852 verbis
967 803 1166 857 declarat,
1196 798 1396 856 Chriſtum
1404 795 1489 853 ſua
1506 791 1627 849 ipſius

419 873 574 917 virtute
590 864 855 928 reſurrexiſſe,
887 873 926 906 et
928 861 988 917 ſic
1002 857 1232 915 reſurgendo
1247 860 1284 916 ſe
1312 857 1510 902 Viƈtorem
1535 842 1628 896 Dia-

421 932 498 976 boli
514 941 550 973 et
573 927 733 984 Inferni
732 923 844 983 ſatis
860 916 1138 974 demonſtraſſe.
1195 911 1307 961 Nam
1321 914 1416 957 licet
1437 910 1632 965 ſcriptura

420 980 562 1040 paſſim
580 971 769 1033 reſtetur,
797 972 1005 1021 Chriſtum
1022 984 1043 1013 a
1059 960 1177 1013 Patre
1195 967 1266 1011 ſuo
1283 965 1559 1010 reſuſcitatum
1577 958 1630 1002 eſ-

421 1045 482 1100 ſe,
510 1042 608 1089 Aƈt.
624 1044 669 1088 II.
688 1052 735 1096 15.
751 1038 873 1083 Rom.
892 1036 961 1080 VI.
976 1045 1019 1089 4.
1036 1029 1143 1087 Eph.
1162 1030 1191 1072 I.
1209 1039 1281 1073 20.
1301 1037 1440 1071 tamen
1456 1035 1553 1067 cum
1569 1023 1630 1066 Fi-

421 1103 496 1144 lius
525 1097 628 1143 Patri
653 1097 723 1139 ſuo
751 1094 798 1136 ſit
822 1089 996 1140 όμοȣ́σιος,
1014 1096 1056 1128 et
1082 1087 1267 1137 potentia
1291 1082 1419 1126 Patris
1447 1079 1562 1124 ſimul
1588 1077 1635 1120 ſit

423 1153 605 1209 potentia
622 1150 732 1204 Filii,
763 1158 858 1190 eum
878 1153 1048 1199 quoque
1067 1139 1132 1181 ſua
1145 1137 1266 1193 ipſius
1285 1136 1480 1192 poteſtate
1497 1146 1539 1175 et
1555 1134 1632 1174 vir-

425 1222 514 1255 tute
540 1207 813 1254 reſuſcitatum
840 1201 938 1253 eſſe,
976 1198 1116 1253 negari
1142 1193 1254 1240 haud
1278 1192 1423 1248 poteſt.
1485 1190 1634 1243 Atque

424 1271 466 1314 id
484 1268 595 1314 haud
610 1265 781 1312 obſcure
799 1259 1057 1317 ſignificavit,
1085 1253 1296 1309 inquiens,
1327 1250 1365 1293 ſe
1381 1247 1585 1305 templum
1598 1258 1634 1287 a-

426 1320 623 1379 liquando
640 1315 938 1374 frangendum,
966 1323 1052 1366 quo
1076 1306 1161 1362 ipſo
1181 1317 1333 1361 corpus
1351 1302 1468 1349 ſuum
1493 1300 1635 1347 intelli-

428 1382 575 1435 gebat,
613 1380 731 1423 tertia
757 1378 824 1420 die
851 1371 1168 1419 reſtauraturum
1193 1367 1285 1413 eſſe.
1344 1362 1540 1416 Io.II.19.
1581 1360 1637 1404 Et

421 1437 492 1481 Io.
511 1432 551 1486 X.
561 1436 617 1481 18.
635 1431 750 1483 dicit,
779 1428 819 1471 ſe
834 1427 988 1471 habere
1006 1420 1273 1478 poteſtatem,
1298 1418 1425 1460 vitam
1443 1416 1554 1458 ſuam
1565 1423 1642 1453 tra-

430 1493 573 1537 dendi,
605 1488 762 1537 ſibique
786 1485 923 1532 rurſus
937 1479 1185 1528 reſtituendi.

553 1546 708 1605 Neque
723 1553 859 1588 tamen
878 1539 954 1585 hac
970 1533 1240 1593 explicatione
1260 1537 1395 1577 noſtra
1420 1537 1644 1586 negamus,

433 1604 641 1653 Chriſtum
660 1613 701 1645 et
716 1595 947 1645 aſcenſione
969 1592 1035 1639 ſua
1059 1593 1100 1636 in
1120 1589 1242 1637 coelis
1266 1582 1526 1645 triumphum
1549 1580 1649 1639 egiſ-

434 1670 486 1715 ſe.
505 1666 617 1713 Nam
632 1665 732 1709 haec
746 1652 1004 1717 triumphalis
1022 1664 1179 1713 pompa
1191 1664 1273 1696 non
1284 1662 1368 1694 vno
1380 1645 1473 1692 aƈtu
1483 1651 1655 1702 perage-

438 1724 580 1777 batur,
591 1719 659 1766 ſed
676 1720 912 1765 continuata
921 1716 978 1760 eſt
987 1715 1106 1759 variis
1113 1707 1359 1764 aƈtionibus,
1368 1714 1543 1760 quarum
1556 1701 1654 1744 aliae

438 1785 522 1829 aliis
539 1780 772 1828 illuſtriores
788 1787 903 1820 erant
916 1785 1041 1827 atque
1051 1764 1326 1819 ſolemniores.
1344 1760 1653 1820 Triumphabat

442 1850 596 1896 nempe
605 1836 790 1882 Chriſtus
800 1839 1053 1886 quocunque
1063 1825 1182 1881 ſigno
1190 1824 1315 1876 edito,
1326 1833 1411 1876 quo
1420 1819 1572 1863 veritas
1577 1814 1654 1858 Re-

444 1892 665 1939 demtionis
689 1889 848 1935 noſtrae
870 1899 922 1928 ex
940 1882 1138 1942 poteſtate
1165 1882 1335 1923 Satanae
1354 1872 1656 1920 demonſtraba-

445 1964 524 1997 tur.
554 1949 696 2005 Itaque
715 1942 971 2000 triumphare
990 1939 1150 1996 coepit,
1166 1949 1262 1981 cum
1280 1932 1533 1989 reſurgeret,
1556 1928 1658 1974 mili-

445 2020 485 2053 te
496 2004 754 2067 praeſidiario
764 2005 804 2048 in
816 1999 956 2058 fugam
969 1997 1081 2053 dato;
1092 1992 1373 2047 continuabat,
1382 2002 1478 2036 cum
1490 1985 1661 2045 diſcipu-

446 2070 493 2113 lis
511 2067 651 2111 iterata
661 2064 752 2107 vice
762 2061 885 2104 viuus
902 2064 1132 2113 appareret;
1143 2061 1340 2109 pompam
1353 2046 1551 2104 augebat,
1566 2054 1663 2087 cum

447 2119 695 2172 aſcenderet;
715 2114 897 2171 denique
905 2125 947 2155 et
965 2109 1223 2166 triumphalis
1231 2105 1335 2151 aƈtio
1348 2115 1451 2157 erat,
1469 2112 1562 2145 cum
1573 2098 1659 2154 Spi-

449 2179 574 2220 ritum
591 2173 711 2218 ſuum
723 2167 957 2215 effunderet
981 2165 1098 2222 ſuper
1125 2158 1333 2224 Apoſtolos,
1360 2171 1400 2213 et
1418 2158 1448 2202 hi
1462 2155 1580 2201 donis
1597 2163 1663 2194 ex-

451 2222 725 2281 traordinariis
744 2218 916 2273 inſtruƈti
933 2217 1290 2267 Reſurreƈtionem
1301 2214 1448 2258 Chriſti
1461 2208 1664 2268 praedica-

450 2297 557 2332 rent.
587 2283 669 2328 Sed
687 2275 950 2337 ſepulchrum
978 2286 1064 2319 erat
1086 2273 1216 2317 veluti
1231 2279 1362 2327 porta
1390 2260 1667 2321 triumphalis,

453 2354 534 2399 qua
545 2349 683 2394 aperta
695 2337 876 2394 primum
886 2335 925 2379 ſe
934 2334 1147 2382 Viƈtorem
1162 2326 1495 2386 conſpiciendum
1507 2321 1620 2365 dedit
1636 2322 1664 2362 i-

454 2403 507 2455 is,
545 2407 727 2454 quorum
755 2395 974 2446 intererat,
1026 2389 1204 2445 Spiritus
1229 2384 1446 2431 infernales
1478 2377 1663 2431 deuinci,

458 2470 502 2502 et
518 2452 629 2501 vnde
646 2450 781 2497 omnis
806 2444 1065 2503 triumphalis
1080 2453 1237 2500 pompa
1253 2441 1414 2484 initium
1430 2431 1609 2492 ſumpſit.

568 2509 687 2569 Quae
703 2520 800 2557 cum
816 2502 966 2561 ſciatis,
994 2513 1143 2549 CIVES
1175 2492 1512 2546 CHARISSIMI!
1541 2501 1667 2547 atque

1071 2565 1166 2604 C2

1554 2558 1666 2589 nunc
