2674 2961
183 579 266 643 qui,
282 601 421 662 atque
439 593 647 641 feudum
664 613 766 637 tam
795 609 976 634 novum,
1015 607 1141 648 quam
1176 610 1263 647 pa-

186 666 347 723 ternum
379 672 522 722 ſemel
551 677 844 738 acquiſitum
879 671 947 713 ob
988 669 1264 732 ſuperveni-

186 742 249 787 ens
262 745 431 799 vitium
450 772 554 797 tam
582 759 799 811 corporis
825 769 980 807 quam
1006 750 1160 786 animi
1178 763 1263 784 ne-

181 810 287 871 mini
301 824 469 878 debere
490 833 678 873 auferri.
776 835 841 868 Et
858 831 982 874 ſane,
1001 831 1073 860 uti
1093 833 1190 878 jam
1208 845 1263 857 o-

183 871 251 929 lim
263 899 525 978 obſervavit
531 914 757 980 Rhetius,
765 930 864 972 tota
893 910 965 968 vis
984 904 1265 951 explicatio-

186 960 241 1010 nis
254 983 452 1032 conſiſtit
470 1000 522 1028 in
541 995 882 1044 explanatione
899 984 1132 1057 vocabuli
1148 985 1264 1016 reti-

189 1059 282 1114 nere.
317 1064 570 1121 Nimirum
586 1075 657 1112 nil
685 1071 817 1111 aliud
846 1072 898 1106 in
927 1081 1137 1125 utroque
1157 1078 1264 1102 tex-

175 1129 241 1193 tu
241 1129 333 1192 hoc
350 1150 612 1220 ſignificat,
630 1171 786 1211 quam
805 1145 1070 1190 ſuccedere.
1107 1141 1265 1209 Quod

190 1195 229 1250 in
229 1210 274 1249 2.
283 1220 416 1262 Feud.
426 1239 507 1275 36.
545 1236 584 1255 ſic
629 1235 908 1271 accipiatur,
925 1226 1124 1265 plurimi
1145 1243 1266 1289 con-

191 1267 397 1342 ſentiunt,
432 1316 511 1336 ſed
537 1312 715 1351 quidni
736 1303 1014 1374 commode
1038 1306 1188 1360 etiam
1212 1303 1262 1371 in

182 1362 238 1429 1.
238 1362 362 1428 Feud.
380 1398 427 1431 6.
464 1394 697 1448 explicari
723 1383 868 1442 poſſit
896 1398 986 1439 pro
1015 1373 1266 1419 ſucceſſio-

190 1438 270 1520 ne?
293 1451 527 1528 Quamvis
541 1474 678 1544 enim
698 1470 801 1536 hoc
817 1463 1040 1521 videatur
1060 1458 1265 1505 obſtare,

195 1524 305 1582 quod
327 1550 492 1607 agatur
517 1554 570 1586 in
594 1550 728 1610 dicto
749 1542 1056 1599 paragrapho
1074 1539 1136 1575 de
1159 1556 1268 1574 mo-

196 1583 248 1634 do
261 1595 449 1657 feudum
469 1628 753 1693 amittendi,
781 1625 1003 1661 adeoque
1023 1619 1265 1657 ſuppona-

175 1669 270 1732 tur,
300 1681 497 1741 feudum
519 1704 654 1766 fuiſſe
680 1701 998 1747 acquiſitum,
1020 1712 1264 1762 attamen,

175 1744 307 1780 quod
323 1779 402 1802 per
404 1806 590 1845 modos
623 1803 870 1833 amittendi
894 1784 954 1833 in
987 1790 1102 1833 dicto
1126 1784 1270 1839 titulo

175 1802 255 1863 illi
277 1851 411 1918 etiam
438 1865 568 1941 caſus
595 1861 963 1935 intelligantur,
1010 1853 1062 1913 in
1092 1843 1272 1908 quibus

180 1895 288 1961 quis
307 1936 365 1991 ad
389 1935 596 2006 feudum
613 1937 842 2005 aliquod,
857 1929 995 2006 quod
1012 1943 1273 1999 nunquam

175 1965 364 2064 habuit
380 2010 687 2093 admittitur,
725 2035 860 2082 patet
880 2042 939 2079 ex
966 2005 1273 2075 paragrapho

175 2061 273 2124 qui
287 2072 555 2177 immediate
577 2100 807 2150 præcedit
823 2116 1017 2160 textum
1036 2102 1278 2143 noſtrum,

202 2152 347 2222 utpote
364 2176 447 2246 qui
474 2184 540 2228 ita
565 2183 751 2225 habet:
787 2174 907 2239 quin
933 2169 1085 2216 etiam
1094 2166 1150 2236 ſi
1170 2169 1286 2238 quis

203 2219 242 2259 eo
256 2228 394 2283 tenore
397 2257 611 2308 feudum
628 2253 883 2299 acceperit,
908 2265 970 2320 ut
990 2253 1090 2312 ejus
1106 2250 1287 2297 deſcen-

203 2283 339 2392 dentes
371 2339 591 2419 maſculi
607 2343 675 2407 &
706 2334 916 2416 fœminæ
961 2335 1083 2393 illud
1123 2333 1292 2390 habere
