2535 2939
153 553 423 612 conſequantur.
462 567 572 600 Malo
583 576 708 600 autem
726 561 1065 604 conformationem
1076 562 1176 603 hanc
1184 565 1303 614 plane

151 591 354 646 ſingularem
379 627 540 652 partium
568 620 703 661 harum
727 621 870 656 Muralti
894 616 1040 653 potius,
1069 622 1182 653 quam
1206 616 1305 647 meis

151 659 253 699 verbis
270 665 478 706 delineare,
497 672 551 699 uti
575 672 664 702 Dec.
686 671 729 703 Il.
746 669 903 716 Ephem.
932 670 968 705 N.
995 671 1020 708 C.
1032 668 1118 708 Obſ
1130 672 1302 710 CXVIII.

150 701 180 740 P.
196 712 248 743 301.
271 715 473 760 leguntur:
516 722 664 748 Notabile
689 723 748 758 eſt,
775 721 901 761 inquit
924 719 1008 758 Joh.
1034 715 1080 752 de
1105 715 1299 759 Muralto,

152 755 332 796 muſculorum
355 772 528 797 abdominis
546 773 584 800 &
601 775 759 807 peritonei
768 772 938 807 foramina
947 770 1003 807 ſibi
1018 768 1146 800 invicem
1172 773 1219 797 ita
1236 776 1295 802 im-

150 799 231 840 poſita
245 816 314 852 eſſe,
329 831 367 843 ut
377 823 529 854 foramen
537 821 638 854 primi
645 822 742 855 paris
770 823 963 859 muſculorum
983 821 1080 847 locum
1096 816 1231 859 infimum
1244 825 1297 847 te-

153 850 226 892 neat,
236 865 366 899 ſecundi
377 872 469 903 paris
476 872 632 904 foramen
645 873 746 895 altius
760 871 794 894 in
811 872 934 907 inguine
941 870 1041 904 ſitum
1049 870 1115 903 ſit,
1132 864 1303 905 transverſi

153 893 261 945 denique
274 922 402 948 muſculi
412 924 622 950 perforentur
634 923 737 950 ſupra
753 922 877 952 oblique
899 920 1150 957 deſcendentes,
1157 919 1298 953 adeoque

151 955 251 995 ereƈtus
263 965 349 999 homo
366 984 428 996 non
444 974 589 997 continuo
607 971 811 1009 moleſtatur,
825 970 887 1008 niſi
897 972 949 998 vis
977 980 1092 1013 magna
1114 969 1302 1017 inferatur,

151 1006 201 1043 qua
214 1013 264 1046 via
275 1025 436 1065 pateſcat.

586 1108 623 1151 §.
674 1114 809 1146 XXIX.

228 1143 365 1189 Praeter
380 1151 449 1188 has
465 1160 592 1188 tamen
612 1150 758 1196 cauſas,
785 1149 937 1192 Praƈtici
955 1153 1043 1193 artis
1063 1151 1154 1193 alias
1170 1152 1296 1194 adhuc

153 1180 441 1247 commemorant,
474 1207 498 1245 à
513 1205 651 1239 quibus
674 1204 755 1246 ileus
783 1203 976 1245 interdum
1000 1200 1074 1231 fuit
1099 1200 1298 1233 excitatus.

155 1222 200 1259 Sic
213 1242 322 1297 modo
340 1257 517 1300 laudatus
534 1256 694 1282 Johannes
712 1254 753 1295 de
767 1252 912 1294 Muralto
931 1250 1045 1274 ileum
1064 1251 1084 1276 à
1103 1247 1295 1276 vermibus

156 1271 331 1352 induƈtum
358 1308 455 1344 vidit
478 1311 701 1336 puerperae,
724 1308 823 1335 quae
840 1298 982 1339 duplici
1001 1297 1149 1332 hernia,
1177 1296 1291 1327 altera

155 1333 335 1385 umbilicali
363 1353 399 1384 ab
401 1353 591 1387 infantia,
616 1354 727 1382 altera
744 1359 835 1382 vero
854 1345 1041 1401 inguinali
1057 1357 1078 1384 a
1095 1354 1202 1395 partu
1218 1346 1291 1386 dif-

157 1373 230 1435 ficili
230 1391 439 1461 laboravit,
467 1407 533 1451 ſed
547 1404 670 1439 quae,
688 1403 770 1429 DEI
786 1401 923 1442 gratia,
951 1397 1049 1431 datis
1068 1394 1296 1433 anthelmin-

156 1426 219 1469 ticis
239 1451 265 1494 &
278 1456 486 1502 multorum
503 1458 689 1499 vermium
705 1454 920 1499 excretione
942 1448 1032 1481 inde
1048 1445 1158 1490 faƈta,
1177 1450 1293 1480 curata

156 1478 379 1546 priſtinaeque
402 1508 548 1556 ſanitati
573 1507 740 1556 reſtituta
763 1503 857 1534 eſt.
879 1503 1016 1545 Neque
1034 1497 1160 1533 minus
1186 1505 1292 1544 prae-

157 1535 235 1580 greſſi
248 1546 307 1585 alii
325 1558 498 1587 adfeƈtus
519 1556 659 1583 cauſſae
667 1556 815 1594 paſſionis
831 1555 943 1584 iliacae
958 1548 1138 1587 evadunt.
1165 1549 1218 1587 Ita
1239 1559 1293 1584 co-

144 1577 224 1625 iicam
231 1595 625 1654 ſpaſmodico-convulſivam
633 1606 868 1643 quandoque
882 1603 923 1630 in
940 1602 1034 1631 ileum
1041 1597 1204 1638 tranſire,
1210 1597 1293 1642 jam

157 1631 239 1676 antea
250 1657 274 1689 a
292 1658 404 1701 nobis
420 1660 474 1701 eſt
494 1657 805 1702 animadverſum.
861 1654 921 1684 Ab
939 1649 1236 1683 haemorrhoidibus
1251 1658 1293 1682 a-

156 1667 208 1720 ƈtu
216 1692 434 1758 fluentibus,
468 1710 534 1755 ſed
546 1708 676 1756 ſubito
695 1704 873 1752 cohibitis
891 1712 1006 1740 atque
1024 1699 1216 1748 ſuppreſſis
1233 1710 1291 1728 or-

158 1727 216 1776 tum
224 1746 322 1785 fuiſſe
337 1763 445 1801 ileum,
464 1762 575 1806 refert
585 1759 807 1810 Ballonius;
823 1757 944 1793 Quod
954 1756 1056 1784 idem
1075 1755 1217 1786 malum
1234 1753 1291 1783 in-

156 1772 271 1829 duxiſſe
286 1807 410 1854 Iochia
426 1813 584 1854 largiter
601 1811 756 1849 quidem
774 1811 950 1839 fluentia,
977 1806 1041 1832 ſed
1056 1802 1289 1844 intempeſti-

153 1830 185 1864 ve
201 1839 221 1875 &
235 1847 449 1905 ſimultanae
466 1863 671 1893 ſuppreſſa,
696 1861 743 1897 ab
759 1863 878 1899 Boneto
895 1858 1119 1886 adnotatum
1135 1854 1289 1895 legitur.

153 1871 179 1906 Si
191 1890 409 1957 diarrhoeam
427 1915 489 1956 vel
504 1908 765 1957 dyſenteriam,
787 1907 828 1957 id
845 1906 951 1944 quod
964 1911 1052 1925 non
1068 1905 1194 1928 minus
1206 1904 1286 1927 Pra-

152 1922 220 1968 ƈtici
235 1950 488 2008 obſervarunt,
513 1963 693 2004 ſequatur
706 1960 796 1998 ileus,
824 1956 921 1977 nihil
939 1955 1076 1979 certius
1091 1952 1157 1982 eſt,
1171 1954 1289 1989 quam

152 1982 355 2038 excretiones
375 2015 467 2036 tales
485 2008 803 2048 adſtringentibus
814 2004 940 2036 ſubito
957 2001 1069 2037 nimis
1086 1997 1287 2040 cohibitas,

154 2032 184 2063 ac
199 2040 263 2078 tam
277 2059 479 2104 retentioni
498 2062 643 2104 faecum
655 2058 863 2085 alvinarum
879 2058 994 2096 quam
1011 2048 1176 2097 ipſorum
1185 2057 1284 2097 quo-

151 2080 209 2124 que
221 2096 372 2162 flatuum
387 2109 668 2162 incarcerationi
689 2104 921 2134 occaſionem
937 2102 1062 2134 datam
1082 2096 1209 2142 fuiſſe,
1238 2103 1283 2136 ut

149 2124 246 2173 ipſum
258 2157 367 2189 plane
386 2166 609 2215 inteſtinum
628 2168 712 2204 cum
730 2159 765 2201 vi
785 2160 939 2190 ruptum
954 2150 1077 2189 fuerit,
1092 2148 1198 2180 ſicuti
1216 2157 1280 2180 ex-

145 2190 292 2261 emplum
301 2218 371 2258 tale
383 2227 552 2261 occurrit
525 2213 659 2260 apud
670 2220 856 2255 Fernelium.
880 2207 963 2250 Ipſe
975 2208 1173 2251 Hippocrates
1184 2208 1301 2255 Seƈt.

150 2228 197 2281 VI.
206 2255 289 2297 aph.
305 2266 366 2302 44.
385 2268 520 2297 auƈtor
537 2266 614 2297 eſt:
641 2266 673 2293 A
674 2259 862 2307 ſtranguria
880 2260 1080 2307 ſupervenire
1103 2263 1287 2299 volvulum:

132 2268 208 2317 ſed,
218 2298 356 2367 eodem
362 2317 598 2366 obſervante,
604 2316 723 2360 quibus
737 2313 776 2357 id
786 2307 954 2357 contingit,
966 2302 1012 2354 illi
1020 2304 1184 2353 ſeptimum
1199 2306 1292 2350 intra
