2229 2881
660 695 942 744 inflammatio,
964 698 1086 742 febris
1109 710 1151 740 et
1181 712 1286 743 noua
1314 701 1507 756 ſanguinis
1536 706 1713 760 profuſio
1751 722 1914 762 praeca-

662 756 814 789 uentur.
875 750 1027 801 Quodſi
1046 764 1144 794 vero
1174 753 1471 809 haemorrhagia
1495 752 1614 801 nimia
1638 763 1911 814 contingeret,

661 803 813 855 optime
831 820 915 848 eam
940 809 1044 851 ſiſtet
1062 810 1195 858 liquor
1221 812 1411 863 ſtypticus
1441 814 1620 867 Dippelii
1655 819 1716 860 vel
1751 820 1910 871 Rectif.

661 858 727 889 aut
744 852 867 893 ſolus,
905 863 972 892 aut
989 866 1078 895 cum
1102 857 1152 905 ♁e
1178 856 1347 911 ſtyptico
1368 861 1558 903 remixtus
1575 874 1616 904 et
1642 877 1733 907 cum
1765 867 1910 908 lintea-

659 903 832 946 minibus
849 907 996 957 carptis
1027 907 1126 949 bene
1153 910 1289 953 multis
1312 911 1559 966 adplicatus,
1589 916 1904 971 ſuperimpoſitis

657 952 813 1007 aliquot
832 954 992 1007 ſpleniis
1010 956 1164 1008 crasſis,
1193 960 1328 1003 ſenſim
1345 959 1604 1015 amplioribus
1623 979 1664 1007 et
1680 966 1796 1011 faſcia
1815 970 1905 1012 ſatis

657 1003 774 1056 longa
802 1006 913 1046 ſimul
936 1008 1128 1051 adhibita.
1182 1013 1288 1052 Ante
1312 1013 1470 1057 tertium
1488 1014 1591 1058 diem
1611 1017 1735 1069 prima
1757 1019 1901 1072 deliga-

657 1059 716 1099 tio
738 1072 820 1100 non
845 1062 901 1101 eſt
923 1060 1135 1110 ſoluenda,
1162 1064 1341 1119 nihilque
1369 1080 1444 1109 nec
1467 1079 1551 1110 tum
1574 1071 1612 1109 vi
1633 1067 1903 1121 auellendum,

655 1109 721 1149 ſed
747 1110 1066 1167 exſpectandum,
1097 1113 1230 1157 donec
1259 1119 1402 1171 ſponte
1435 1119 1610 1162 decidat.
1689 1125 1903 1167 Caeterum

655 1173 738 1215 quo
763 1164 890 1206 rarius
925 1176 967 1206 et
998 1169 1153 1210 cautius
1187 1167 1377 1223 deligatio
1406 1183 1641 1218 renouatur,
1677 1188 1728 1217 eo
1757 1180 1901 1222 melius

653 1215 832 1259 ſuccedit
860 1219 1138 1263 conſolidatio.
1216 1228 1290 1274 At,
1319 1227 1344 1268 ſi
1379 1226 1486 1271 forte
1516 1228 1748 1281 ſuppuratio
1784 1233 1898 1275 nimis

653 1264 753 1318 larga
773 1268 1046 1321 contingeret,
1071 1270 1320 1325 frequentius
1341 1273 1593 1329 deligandum
1617 1280 1757 1323 vulnus
1775 1282 1900 1327 venit.

654 1320 714 1358 Ne
737 1319 857 1358 etiam
873 1330 987 1370 aeger
1008 1321 1058 1362 ab
1089 1324 1161 1365 hac
1194 1324 1450 1374 debilitetur,
1473 1326 1666 1383 digeſtiua
1686 1331 1797 1375 illico
1832 1347 1899 1375 re-

650 1369 855 1410 mouenda
876 1372 982 1416 ſunt,
1008 1383 1048 1412 et
1071 1372 1219 1415 horum
1242 1376 1338 1417 loco
1361 1378 1484 1418 lintea
1515 1389 1651 1432 carpta
1679 1382 1740 1423 vel
1771 1381 1896 1429 ſicca,

649 1422 713 1461 vel
737 1423 802 1462 eſſ.
818 1423 960 1472 myrrh.
981 1435 1049 1465 aut
1068 1427 1213 1468 ſuccin.
1237 1429 1301 1469 vel
1324 1431 1467 1479 prioris
1486 1433 1720 1487 liquamine,
1747 1436 1789 1473 in
1811 1447 1898 1480 ouo

650 1469 752 1512 duro
776 1480 936 1525 parato,
960 1486 1076 1525 parce
1092 1478 1362 1530 impraegnata
1374 1481 1645 1523 imponantur.

1184 1543 1216 1575 §.
1269 1543 1353 1575 LII.

774 1575 913 1615 Diaeta
940 1575 1129 1623 tandem,
1169 1585 1247 1617 tam
1276 1588 1459 1633 tempore
1489 1581 1740 1630 curationis,
1776 1596 1899 1639 quam

649 1629 738 1680 poſt
763 1630 890 1677 illam,
916 1630 962 1671 ſit
986 1633 1129 1675 exacta.
1184 1638 1261 1677 Aër
1284 1635 1329 1678 ſit
1352 1646 1577 1691 temperate
1603 1640 1766 1686 calidus.
1804 1646 1896 1688 Cibi

650 1684 722 1718 ſint
744 1679 885 1722 molles
905 1692 946 1722 et
968 1680 1082 1725 facile
1103 1683 1356 1730 reſolubiles,
1382 1688 1494 1731 omni
1517 1689 1735 1736 acrimonia
1762 1705 1896 1736 caren-

649 1737 721 1767 tes.
757 1730 938 1783 Inprimis
965 1740 1151 1786 tempore
1175 1735 1415 1783 curationis,
1448 1736 1499 1780 ad
1522 1741 1625 1783 vires
1647 1740 1796 1785 amiſſas
1829 1758 1896 1787 re-

647 1780 889 1831 ſtaurandas,
913 1789 1159 1830 conueniunt
1178 1790 1324 1833 iuſcula
1345 1793 1540 1838 carnium,
1567 1794 1782 1853 gelatinae,
1814 1810 1894 1840 oua

647 1834 803 1882 mollia,
830 1847 967 1877 carnes
991 1840 1213 1883 animalium
1237 1843 1437 1886 iuniorum
1463 1854 1505 1886 et
1527 1846 1601 1888 alia
1624 1848 1741 1890 huius
1768 1859 1893 1891 notae

645 1883 852 1927 alimenta;
892 1886 1131 1930 emulſiones
1160 1901 1328 1943 quoque
1366 1892 1644 1938 confortantes
1684 1909 1727 1936 et
1758 1908 1893 1949 gratae

645 1934 773 1986 aegris
799 1938 885 1978 ſunt
905 1940 1263 1984 commendandae.
1316 1947 1440 1989 Potus
1463 1945 1509 1987 ſit
1532 1959 1675 1999 purus,
1699 1949 1889 2001 ſpirituo-

646 1983 707 2025 ſus
728 1985 843 2026 nimis
866 1986 927 2026 vel
943 1986 1080 2030 acidus
1104 1991 1260 2033 vitetur.
1313 1988 1472 2037 Motus
1493 1995 1716 2038 inſtituatur
1746 1998 1890 2044 mode-

644 2043 794 2091 ratus;
804 2039 918 2090 quies
945 2053 1027 2082 non
1050 2042 1218 2086 excedat
1245 2044 1425 2091 modum.
1478 2049 1647 2092 Somnus
1667 2058 1710 2091 et
1733 2050 1891 2108 vigiliae

643 2090 727 2142 pari
751 2093 905 2134 ratione
922 2094 962 2135 ſe
983 2096 1164 2139 habeant.

755 2142 889 2197 Egeſta
915 2143 1185 2196 reſpondeant
1213 2148 1384 2203 ingeſtis.
1449 2151 1793 2200 Haemorrhoides
1822 2160 1889 2200 vel

644 2195 793 2237 menſes
809 2195 1002 2249 ſuppresſi
1025 2210 1085 2240 aut
1100 2198 1313 2244 inordinati
1331 2202 1605 2251 reſtituantur,
1629 2207 1694 2250 vel
1712 2210 1752 2251 in
1777 2210 1887 2253 ordi-

642 2259 736 2289 nem
758 2247 998 2300 redigantur.
1071 2253 1279 2306 Fugiantur
1314 2254 1432 2299 animi
1465 2257 1692 2314 pathemata
1724 2262 1884 2313 grauio-

641 2307 724 2339 raet
784 2300 1113 2350 vehementiora,
1162 2302 1247 2354 ira,
1297 2315 1451 2355 terror,
1502 2321 1687 2357 moeror,
1732 2323 1884 2363 metus,

691 2359 806 2391 curae
831 2349 1032 2403 grauiores
1066 2364 1109 2394 et
1139 2353 1443 2416 diuturniores;
1474 2368 1616 2403 contra
1645 2373 1759 2405 mens
1788 2363 1836 2405 ſit

884 2406 1093 2462 tranquilla
1110 2419 1151 2450 et
1166 2407 1285 2452 rebus
1300 2412 1419 2464 gratis
1436 2421 1641 2470 occupata.

1033 2486 1134 2537 Soli
1164 2486 1278 2536 Deo
1313 2487 1498 2542 Gloria.
