1757 2781
679 559 748 605 90

856 561 1129 597 EMBLEMATA
1171 563 1484 593 TRIBONIANI.

687 651 728 687 de
742 649 815 686 bon.
825 659 990 694 matern.;
1000 656 1025 687 a
1035 648 1242 686 Theodoſio
1253 659 1337 684 vero
1345 646 1498 697 penitus,
1508 645 1534 686 l.
1549 658 1614 682 cre-

685 702 816 734 tionum
835 711 877 740 17.
896 701 930 735 C.
946 699 986 734 de
1001 702 1067 735 iur.
1083 696 1179 733 delib.
1206 709 1308 733 CVIAC.
1336 695 1382 731 ad
1395 709 1531 732 VLPIAN.
1545 694 1578 732 d.
1588 702 1612 728 t.

687 760 763 797 22.:
776 749 920 796 receptis
935 749 988 783 his
1010 754 1151 791 duobus
1164 744 1387 796 adquirendæ
1410 754 1612 791 hereditatis

685 807 822 852 modis,
845 818 906 855 pro
921 804 1038 841 herede
1050 804 1209 855 geſtione,
1235 806 1269 842 &
1283 805 1455 848 aditione;
1481 816 1556 854 quæ
1576 803 1614 840 fit

687 860 779 894 nuda
793 858 994 901 voluntate,
1019 868 1092 892 non
1110 856 1225 892 verbis
1241 853 1477 900 ſolemnibus,
1506 866 1544 891 vt
1558 867 1614 890 ve-

687 928 743 950 tus
758 915 817 951 illa
833 914 955 958 cretio,
966 911 1022 949 ſed
1037 911 1310 963 quibuscunque
1327 909 1502 959 explicata,
1510 911 1531 946 l.
1541 920 1613 945 cum

686 968 721 999 in
730 961 978 1012 antiquioribus
995 976 1031 1009 19.
1050 967 1080 1000 C.
1090 962 1130 999 de
1141 966 1206 999 iur.
1214 961 1373 1002 deliber.:
1390 972 1477 1013 quos
1490 960 1615 997 modos

683 1016 894 1054 Iuſtinianus
915 1025 951 1056 in
972 1017 997 1062 §.
1011 1016 1122 1052 vltim.
1149 1014 1255 1063 Inſtit.
1280 1014 1321 1050 de
1339 1017 1446 1055 hered.
1466 1016 1555 1065 qual.
1572 1009 1613 1052 &

683 1075 760 1122 diff.
776 1075 884 1112 modo
905 1071 1105 1120 diſtinguit,
1131 1071 1242 1108 modo
1261 1071 1459 1111 coufundit.
1488 1073 1614 1109 Diſtin-

685 1125 763 1170 guit
778 1126 847 1164 ibi:
873 1123 998 1173 Poteſt,
1023 1134 1085 1160 aut
1097 1134 1157 1173 pro
1175 1124 1290 1160 herede
1295 1122 1463 1170 gerendo,
1492 1132 1553 1158 aut
1567 1130 1614 1156 et-

682 1179 752 1213 iam
767 1174 855 1221 nuda
878 1173 1053 1220 voluntate
1063 1170 1280 1222 ſuscipiendæ
1298 1174 1506 1218 hereditatis
1524 1179 1614 1212 heres

677 1232 767 1281 fieri.
824 1231 1040 1278 Confundit,
1068 1233 1153 1268 dum
1165 1231 1357 1268 aditionem
1368 1230 1452 1269 facit
1465 1230 1616 1281 ſpeciem

684 1296 749 1333 pro
767 1285 896 1321 herede
912 1282 1096 1332 geſtionis,
1120 1283 1189 1320 ibi:
1210 1294 1274 1333 pro
1294 1282 1405 1318 herede
1423 1291 1529 1330 gerere
1543 1284 1617 1331 quis

685 1334 835 1377 videtur,
837 1334 867 1381 ſi
879 1343 1009 1381 quoquo
1025 1332 1122 1368 modo
1137 1334 1348 1367 voluntatem
1350 1331 1447 1379 ſuam
1457 1332 1617 1376 declaret,

685 1388 738 1433 vel
753 1397 806 1437 re,
835 1394 887 1423 vel
900 1383 1001 1427 verbo
1022 1384 1063 1418 de
1078 1382 1231 1417 adeunda
1254 1382 1455 1416 hereditate.
1483 1396 1617 1421 ANTON.

686 1449 835 1484 GOVEAN.
852 1447 873 1485 l.
883 1456 959 1478 var.
974 1445 1041 1476 iur.
1057 1433 1131 1470 lect.
1147 1443 1196 1475 25.
1247 1435 1322 1470 Aut
1335 1430 1539 1481 fatendum,
1553 1441 1615 1483 pro

682 1497 800 1533 herede
813 1495 951 1538 gerere,
975 1491 1092 1538 primo
1106 1491 1143 1523 in
1162 1485 1266 1540 ſpecie
1281 1485 1412 1540 accipi,
1437 1499 1504 1538 pro
1525 1486 1617 1524 refe-

687 1544 805 1579 ctione
821 1544 947 1578 ædium
960 1536 1271 1584 hereditariarum,
1291 1548 1430 1584 cultura
1436 1548 1617 1584 agrorum,

686 1595 955 1635 manumiſſione
977 1593 1185 1643 ſeruorum,
1202 1594 1266 1633 &c.
1290 1596 1311 1631 l.
1329 1609 1376 1641 29.
1401 1603 1438 1635 in
1456 1593 1567 1647 princ.
1578 1588 1620 1644 ff.

687 1653 728 1687 de
741 1650 875 1701 adquir.
895 1650 1027 1688 hered.:
1053 1647 1170 1702 poſtea
1185 1653 1290 1689 latius
1313 1650 1346 1687 &
1368 1651 1404 1685 in
1418 1658 1558 1698 genere,
1580 1655 1619 1680 vt

688 1717 763 1741 eam
785 1705 888 1744 etiam
899 1690 1188 1749 adquiſitionem,
1212 1711 1290 1745 quæ
1303 1701 1343 1742 fit
1360 1699 1497 1743 verbis,
1526 1704 1621 1741 com-

687 1756 898 1805 prehendat;
924 1755 1110 1807 quomodo
1129 1767 1190 1807 pro
1215 1762 1333 1798 herede
1345 1767 1466 1808 gerere
1482 1754 1622 1803 vſurpa-

689 1826 749 1849 tur
765 1817 801 1851 in
816 1816 837 1853 l.
849 1813 941 1861 filius
961 1827 1001 1849 12.
1021 1817 1058 1849 in
1070 1815 1178 1865 princ.
1186 1811 1229 1859 ff.
1245 1812 1287 1848 de
1301 1815 1502 1863 interrogat.
1511 1814 1547 1846 in
1555 1812 1620 1846 iur.

681 1861 758 1911 fac.
785 1855 926 1901 BACHOV.
944 1872 981 1905 in
996 1872 1031 1909 d.
1051 1864 1082 1909 l.
1082 1864 1119 1908 §.
1134 1861 1198 1899 vlt.

829 2003 1053 2044 PAPINIAN.
1072 1992 1145 2048 lib.
1155 1997 1195 2063 7.
1211 1991 1482 2062 reſponſor.

688 2112 803 2158 Ante
815 2106 967 2155 tabulas
981 2107 1221 2156 teſtamenti,
1237 2107 1418 2155 codicilli
1424 2106 1520 2157 facti
1539 2116 1625 2153 non

750 2161 863 2207 aliter
877 2158 1033 2205 valent,
1054 2174 1178 2217 quam
1192 2162 1221 2203 ſi
1235 2160 1491 2210 teſtamento,
1512 2149 1625 2216 quod

749 2227 889 2279 poſtea
925 2227 1078 2275 factum
1112 2229 1190 2278 eſt,
1225 2230 1291 2274 vel
1310 2228 1508 2275 codicillis
1528 2238 1626 2273 con-

1554 2287 1626 2326 fir-
