2470 2931
254 558 476 844 N

492 577 598 625 Imia
618 575 787 627 videtur
803 581 997 632 Bachovii
1015 587 1329 651 ſcrupuloſitas,
1358 598 1460 648 dum
1478 605 1527 651 in

518 635 633 681 notis
646 636 701 683 ad
712 642 848 687 Treutl.
869 646 942 690 Vol.
957 662 990 691 2.
1027 650 1170 711 Diſp.7.
1188 656 1255 700 Th.
1268 674 1292 702 1.
1307 660 1364 704 lit.
1377 663 1453 717 B.,
1476 666 1521 711 &

512 689 570 737 ad
585 692 742 751 Weſenb.
757 696 831 743 Tit.
846 699 893 743 de
890 701 934 760 J.
946 702 1022 749 dot.
1035 705 1079 750 in
1091 708 1196 754 verb.
1212 710 1275 756 dos
1292 713 1344 771 eſt
1348 716 1417 772 jus
1434 721 1524 765 uni-

515 750 685 810 verſale,
707 752 854 803 dotem
869 772 946 818 per
959 758 1028 818 jus
1060 767 1204 815 mariti
1233 774 1313 820 &c.
1341 774 1524 829 definire

502 814 635 854 poſſe
663 815 816 865 negat,
842 828 937 866 cum
952 825 1090 875 potius
1111 834 1179 874 res
1205 828 1345 881 dotalis
1368 833 1520 890 ſignifi-

248 867 391 919 cetur,
415 867 588 923 quando
623 870 770 922 dotem
797 878 1019 942 promitti,
1046 886 1267 948 conſtitui,
1295 894 1384 942 dari
1414 898 1516 949 dici-

244 933 357 969 mus.
412 928 620 977 Præterea
632 934 778 988 enim,
803 938 922 994 quod
934 942 1069 1000 ipſum
1087 948 1160 994 Tit.
1160 946 1219 1008 ff.
1248 953 1296 996 de
1303 956 1349 1014 J.
1368 955 1515 1005 dotium

243 977 459 1028 rubrum,
482 985 577 1030 ſatis
591 988 695 1049 quid
701 1003 779 1048 per
792 993 936 1045 dotem
948 998 1103 1050 ibidem
1117 1002 1376 1069 intelligatur
1387 1016 1515 1064 innu-

239 1044 305 1091 at,
324 1039 396 1086 vel
410 1042 496 1101 ipſe
509 1046 687 1099 Bachov.
700 1052 740 1095 d.
756 1055 783 1096 I.
794 1056 850 1104 B.
876 1056 1194 1119 homonymum
1220 1069 1299 1117 eſſe
1327 1073 1512 1124 vocabu-

239 1098 330 1146 lum
365 1100 478 1150 dotis
491 1103 665 1162 fatetur;
688 1111 747 1157 ita
759 1122 811 1159 ut
840 1108 972 1164 modò
988 1119 1195 1181 fignificet
1204 1142 1297 1177 rem
1311 1129 1516 1193 dotalem,

236 1157 372 1206 modò
386 1162 514 1222 ipſam
523 1163 762 1225 dationem,
790 1171 1016 1235 aliquando
1029 1183 1092 1229 rei
1105 1183 1371 1247 qualitatem,
1384 1196 1427 1240 &
1436 1195 1508 1245 de-

235 1217 369 1276 nique
376 1219 563 1280 titulum;
620 1229 685 1275 Ac
693 1231 846 1280 eodem
860 1236 1006 1290 modo,
1014 1241 1056 1294 ut
1067 1243 1226 1299 pignus
1233 1249 1346 1296 reƈtè
1355 1251 1510 1306 defini-

235 1286 307 1323 tur
319 1276 469 1337 perjus
484 1285 529 1333 in
553 1298 625 1341 re,
654 1289 751 1336 licet
762 1292 910 1353 ſæpius
922 1309 1015 1344 rem
1031 1300 1206 1359 pignori
1219 1314 1433 1367 acceptam
1452 1316 1510 1364 ſi-

230 1327 435 1397 gnificet,
462 1342 576 1392 dotis
591 1345 840 1401 definiendæ
851 1368 927 1414 par
935 1356 1104 1408 videtur
1116 1365 1239 1413 ratio.
1294 1362 1509 1434 Ejusdem

229 1400 442 1444 momenti
458 1398 639 1455 videtur,
647 1406 765 1464 quod
782 1404 887 1466 idem
908 1416 1018 1465 Bach.
1029 1421 1084 1465 ad
1097 1416 1161 1469 W.
1161 1417 1207 1470 d.
1207 1419 1236 1471 l.
1236 1421 1337 1475 cùm
1350 1429 1501 1480 dotem

227 1453 556 1509 Univerſitatem
566 1463 650 1511 dici
670 1469 713 1512 in
750 1469 818 1514 l.1.
833 1478 912 1523 §.4.
926 1473 972 1517 de
985 1476 1058 1520 dot.
1070 1481 1213 1542 præleg.
1241 1495 1398 1544 negare
1405 1501 1499 1538 non

223 1513 375 1574 poſſit,
401 1515 482 1565 eſſe
499 1530 641 1570 tamen
647 1520 718 1582 jus
731 1528 982 1586 univerſale,
997 1534 1218 1589 admittere
1234 1546 1367 1602 nolit,
1379 1550 1495 1597 cum

222 1582 365 1621 tamen
377 1590 422 1621 eo
436 1577 555 1638 ipſo,
586 1595 674 1643 quo
694 1585 772 1634 dos
794 1604 849 1636 ex
866 1593 1058 1653 pluribus
1068 1599 1195 1649 rebus
1209 1603 1357 1665 ſæpius
1369 1611 1500 1662 colle-

220 1634 308 1689 ƈta,
337 1641 379 1682 &
392 1639 445 1683 ſic
458 1653 537 1686 ens
554 1655 629 1701 per
644 1648 993 1708 aggregationem
1014 1657 1108 1712 eſſe,
1122 1674 1171 1707 ac
1183 1663 1383 1724 prætereà
1389 1673 1496 1730 aug-

219 1701 415 1743 mentum
424 1700 468 1742 &
478 1698 797 1756 decrementum
804 1720 953 1768 capere
960 1715 1116 1775 poteſt;
1134 1722 1272 1768 etiam
1279 1720 1363 1782 jus,
1371 1729 1492 1788 quod

214 1753 261 1797 in
271 1747 482 1810 ejusmodi
490 1759 619 1808 rebus
627 1761 680 1810 ad
693 1767 894 1816 maritum
893 1767 1108 1833 pertinet,
1109 1771 1187 1833 ſine
1196 1780 1325 1832 dubio
1334 1786 1492 1846 ſignifi-

215 1820 347 1860 cetur.
400 1814 531 1868 Undè
545 1823 676 1871 etiam
693 1838 792 1874 cum
804 1833 945 1882 Treutl.
954 1834 1048 1882 loco
1064 1838 1182 1897 alleg.
1202 1842 1390 1893 libellum
1411 1860 1489 1905 ge-

213 1869 427 1917 neralem,
449 1872 506 1918 ita
523 1885 572 1920 ut
605 1875 847 1941 ſimpliciter
859 1884 1007 1935 dotem
1022 1891 1109 1938 ſine
1123 1894 1285 1952 ſpeciali
1302 1899 1486 1960 ſingulo-

209 1937 310 1973 rum
318 1939 549 1992 corporum
563 1936 827 1997 expreſſione
836 1954 980 2003 petere
996 1950 1144 2007 liceat,
1171 1955 1370 2015 admittit,
1380 1975 1483 2011 con-

209 1986 274 2030 trà
286 1988 375 2044 Zaſ.
392 1995 434 2032 in
451 1992 550 2038 rubr.
559 1995 625 2051 ſol.
634 2006 752 2042 matr.
767 2007 870 2047 n.16.
878 2000 987 2063 ſeqq.
1014 2005 1243 2072 diſputans,
1255 2029 1353 2063 cum
1367 2019 1479 2072 aƈtio

204 2047 290 2107 ipſa
302 2047 352 2092 ſit
360 2053 593 2114 generalis,
615 2059 687 2105 vel
702 2056 977 2122 univerſalis,
1002 2083 1042 2115 v.
1056 2073 1232 2123 Lauterb.
1264 2082 1352 2127 Coll.
1365 2082 1422 2128 ad
1422 2078 1482 2152 ff.

202 2108 288 2164 Lib.
304 2111 383 2150 2.T.
396 2122 443 2162 13.
467 2112 524 2156 th.
542 2126 597 2157 20.
654 2118 750 2164 Nec
772 2129 915 2169 tamen
947 2126 1194 2178 ſententiam
1215 2129 1299 2182 hic
1333 2135 1479 2191 libello

203 2166 473 2221 conformem
504 2176 591 2226 eſſe
617 2178 770 2230 debere
782 2184 943 2243 ſtatuit,
967 2191 1214 2243 ſententiam
1231 2199 1476 2264 generalem

199 2228 348 2279 contrà
356 2230 496 2283 Treutl.
505 2234 574 2286 hic
585 2251 681 2287 non
690 2242 939 2297 admittens,
944 2258 1025 2309 per
1059 2246 1212 2311 textum
1232 2271 1305 2310 non
1326 2264 1477 2315 obſcu-
