<?xml version="1.0" encoding="utf-8"?>
<PcGts xmlns="http://schema.primaresearch.org/PAGE/gts/pagecontent/2019-07-15" xmlns:xsi="http://www.w3.org/2001/XMLSchema-instance" xsi:schemaLocation="http://schema.primaresearch.org/PAGE/gts/pagecontent/2019-07-15 http://schema.primaresearch.org/PAGE/gts/pagecontent/2019-07-15/pagecontent.xsd" pcGtsId="OCR-D-GT-FULLTEXT-167">
  <Metadata>
    <Creator>OCR-D DFG Phase III</Creator>
    <Created>2024-01-19T13:08:38Z</Created>
    <LastChange>2024-01-19T13:08:38Z</LastChange>
    <Comments>ODEM: OCR-D extension for mass digitization (2021-2024)</Comments>
    <MetadataItem type="processingStep" name="layout/segmentation/region" value="ocrd-segment-repair">
      <Labels externalModel="ocrd-tool" externalId="parameters">
        <Label value="False" type="sanitize"/>
        <Label value="5" type="sanitize_padding"/>
        <Label value="0" type="simplify"/>
        <Label value="False" type="plausibilize"/>
        <Label value="0.9" type="plausibilize_merge_min_overlap"/>
        <Label value="0" type="spread"/>
        <Label value="region" type="spread_level"/>
      </Labels>
      <Labels externalModel="ocrd-tool" externalId="version">
        <Label value="0.1.24" type="ocrd-segment-repair"/>
        <Label value="2.65.0" type="ocrd/core"/>
      </Labels>
    </MetadataItem>
  </Metadata>
  <Page imageFilename="https://opendata.uni-halle.de/retrieve/42f72202-acd3-486b-bd20-9409ffde70c8/00000177.jpg" imageWidth="1929" imageHeight="2730" type="content" primaryLanguage="Latin">
    <Border>
      <Coords points="54,240 65,2620 1702,2616 1670,246"/>
    </Border>
    <ReadingOrder>
      <OrderedGroup id="ro_1651830684801" caption="Regions reading order">
        <RegionRefIndexed index="0" regionRef="region0001"/>
      </OrderedGroup>
    </ReadingOrder>
    <TextRegion id="region0001" custom="readingOrder {index:0;}" orientation="0.282577" readingDirection="left-to-right">
      <Coords points="149,569 1066,569 1066,1959 149,1959"/>
      <TextLine id="region0001_line0001" custom="readingOrder {index:0;}">
        <Coords points="165,571 149,572 150,642 184,641 190,637 192,626 349,628 362,636 375,636 378,633 398,633 433,626 614,619 840,618 927,625 1031,625 1065,619 1065,586 964,584 961,574 956,570 937,573 934,570 833,570 825,579 811,579 804,570 772,570 769,575 747,572 642,574 495,580 489,570 433,570 428,575 427,585 406,585 400,579 359,577 342,585 318,588 306,587 304,580 299,576 286,577 280,584 243,587 237,579 223,579 214,572"/>
        <Word id="region0001_line0001_word0000" custom="readingOrder {index:0;}">
          <Coords points="220,577 154,577 154,629 191,629 192,626 349,628 349,628 399,628 399,579 359,577 342,585 318,588 306,587 304,580 300,576 293,576 286,577 280,584 243,587 237,579 223,579"/>
          <TextEquiv>
            <Unicode>ſubiectiuas);</Unicode>
          </TextEquiv>
        </Word>
        <Word id="region0001_line0001_word0001" custom="readingOrder {index:1;}">
          <Coords points="424,585 424,615 468,614 468,577 427,577 427,585"/>
          <TextEquiv>
            <Unicode>eſt</Unicode>
          </TextEquiv>
        </Word>
        <Word id="region0001_line0001_word0002" custom="readingOrder {index:2;}">
          <Coords points="494,587 717,580 717,606 494,613"/>
          <TextEquiv conf="0.8604736">
            <Unicode>PERFECTE</Unicode>
          </TextEquiv>
        </Word>
        <Word id="region0001_line0001_word0003" custom="readingOrder {index:3;}">
          <Coords points="810,578 736,578 736,614 827,614 827,578 825,578 825,579 811,579"/>
          <TextEquiv>
            <Unicode>talis.</Unicode>
          </TextEquiv>
        </Word>
        <Word id="region0001_line0001_word0004" custom="readingOrder {index:4;}">
          <Coords points="961,576 878,576 878,613 974,613 974,584 964,584"/>
          <TextEquiv conf="0.91962534">
            <Unicode>Vnde</Unicode>
          </TextEquiv>
        </Word>
        <Word id="region0001_line0001_word0005" custom="readingOrder {index:5;}">
          <Coords points="989,589 1053,589 1053,612 989,612"/>
          <TextEquiv>
            <Unicode>mo-</Unicode>
          </TextEquiv>
        </Word>
        <TextEquiv>
          <Unicode>ſubiectiuas); eſt PERFECTE talis. Vnde mo-</Unicode>
        </TextEquiv>
      </TextLine>
      <TextLine id="region0001_line0002" custom="readingOrder {index:1;}">
        <Coords points="718,625 711,629 709,637 644,639 637,631 611,629 607,632 606,641 597,642 591,633 578,632 571,642 511,642 501,634 493,634 485,643 456,641 380,648 377,647 375,637 362,637 355,633 347,638 343,648 331,648 323,639 311,639 305,648 279,649 273,647 273,641 268,636 252,635 246,640 245,648 150,649 150,690 232,688 317,690 322,701 337,703 342,699 343,691 349,689 394,689 398,701 411,702 421,697 423,687 570,680 592,680 596,696 608,699 614,692 614,680 657,679 678,676 740,680 742,689 748,694 762,692 766,680 785,679 789,689 799,691 823,690 829,680 887,679 961,686 1066,684 1066,650 1037,647 1014,648 1006,638 995,638 989,646 974,644 971,636 967,633 952,634 949,643 896,638 841,639 839,632 832,627 822,627 814,631 809,639 736,637 730,626"/>
        <Word id="region0001_line0002_word0000" custom="readingOrder {index:0;}">
          <Coords points="162,658 163,681 290,680 289,658 278,659 272,657 272,651 267,646 251,645 245,650 244,658"/>
          <TextEquiv conf="0.92070776">
            <Unicode>narcha</Unicode>
          </TextEquiv>
        </Word>
        <Word id="region0001_line0002_word0001" custom="readingOrder {index:1;}">
          <Coords points="313,639 314,683 381,683 380,648 380,648 377,647 375,637 362,637 355,633 347,638 343,648 331,648 323,639"/>
          <TextEquiv>
            <Unicode>ipſe</Unicode>
          </TextEquiv>
        </Word>
        <Word id="region0001_line0002_word0002" custom="readingOrder {index:2;}">
          <Coords points="591,633 577,633 571,642 511,642 501,634 493,634 485,643 456,641 403,645 404,683 516,682 570,680 592,680 592,682 614,682 614,680 651,679 651,638 644,639 638,633 606,633 606,641 597,642"/>
          <TextEquiv conf="0.9191968">
            <Unicode>patrimonialis</Unicode>
          </TextEquiv>
        </Word>
        <Word id="region0001_line0002_word0003" custom="readingOrder {index:3;}">
          <Coords points="679,637 680,664 729,664 728,629 711,629 709,637"/>
          <TextEquiv conf="0.9326698">
            <Unicode>vel</Unicode>
          </TextEquiv>
        </Word>
        <Word id="region0001_line0002_word0004" custom="readingOrder {index:4;}">
          <Coords points="835,629 817,630 814,631 809,639 749,637 750,681 766,681 766,680 785,679 786,681 829,680 829,680 887,679 892,679 891,638 841,639 839,632"/>
          <TextEquiv conf="0.90864974">
            <Unicode>perfecte</Unicode>
          </TextEquiv>
        </Word>
        <Word id="region0001_line0002_word0005" custom="readingOrder {index:5;}">
          <Coords points="916,639 917,666 967,666 966,633 952,634 949,643"/>
          <TextEquiv conf="0.9679501">
            <Unicode>vel</Unicode>
          </TextEquiv>
        </Word>
        <Word id="region0001_line0002_word0006" custom="readingOrder {index:6;}">
          <Coords points="988,654 989,676 1052,676 1051,657 1036,656 1013,657 1005,647 994,647"/>
          <TextEquiv conf="0.9293014">
            <Unicode>im-</Unicode>
          </TextEquiv>
        </Word>
        <TextEquiv>
          <Unicode>narcha ipſe patrimonialis vel perfecte vel im-</Unicode>
        </TextEquiv>
      </TextLine>
      <TextLine id="region0001_line0003" custom="readingOrder {index:2;}">
        <Coords points="457,690 439,694 435,707 397,710 392,710 386,702 378,702 372,698 360,699 355,711 273,709 252,712 244,702 231,702 220,712 150,708 149,768 181,768 187,764 188,755 196,753 203,753 208,765 220,766 232,754 380,753 434,748 633,743 700,745 924,745 948,748 950,755 957,760 974,759 979,748 1001,751 1066,750 1066,717 1048,710 1041,702 1028,702 1021,708 995,708 921,702 605,702 579,692"/>
        <Word id="region0001_line0003_word0000" custom="readingOrder {index:0;}">
          <Coords points="160,708 160,747 302,746 302,709 273,709 252,712 244,702 231,702 220,712"/>
          <TextEquiv>
            <Unicode>perfecte</Unicode>
          </TextEquiv>
        </Word>
        <Word id="region0001_line0003_word0001" custom="readingOrder {index:1;}">
          <Coords points="373,699 360,699 355,711 331,710 331,736 402,736 402,709 397,710 392,710 386,702 378,702"/>
          <TextEquiv conf="0.9328384">
            <Unicode>talis</Unicode>
          </TextEquiv>
        </Word>
        <Word id="region0001_line0003_word0002" custom="readingOrder {index:2;}">
          <Coords points="429,707 429,736 485,735 485,695 438,695 435,707"/>
          <TextEquiv conf="0.899101">
            <Unicode>eſt.</Unicode>
          </TextEquiv>
        </Word>
        <Word id="region0001_line0003_word0003" custom="readingOrder {index:3;}">
          <Coords points="596,698 538,699 538,734 823,733 823,702 605,702"/>
          <TextEquiv conf="0.79960275">
            <Unicode>MONARCHIA</Unicode>
          </TextEquiv>
        </Word>
        <Word id="region0001_line0003_word0004" custom="readingOrder {index:4;}">
          <Coords points="861,704 930,704 930,728 861,728"/>
          <TextEquiv>
            <Unicode>non</Unicode>
          </TextEquiv>
        </Word>
        <Word id="region0001_line0003_word0005" custom="readingOrder {index:5;}">
          <Coords points="958,705 958,742 1055,742 1055,712 1048,710 1041,702 1028,702 1021,708 995,708"/>
          <TextEquiv>
            <Unicode>patri-</Unicode>
          </TextEquiv>
        </Word>
        <TextEquiv>
          <Unicode>perfecte talis eſt. MONARCHIA non patri-</Unicode>
        </TextEquiv>
      </TextLine>
      <TextLine id="region0001_line0004" custom="readingOrder {index:3;}">
        <Coords points="281,763 276,767 274,777 269,777 267,771 259,766 248,768 243,778 149,777 149,820 322,818 353,814 480,810 497,807 656,808 677,810 867,809 889,813 894,817 941,810 1002,814 1065,813 1065,772 1022,772 1017,771 1009,762 999,762 993,769 964,766 900,768 742,765 474,765 440,769 419,767 415,770 312,776 305,766"/>
        <Word id="region0001_line0004_word0000" custom="readingOrder {index:0;}">
          <Coords points="259,766 256,766 248,768 243,778 163,777 163,805 320,804 320,775 312,776 305,766 276,766 276,767 274,777 269,777 267,771"/>
          <TextEquiv conf="0.89742315">
            <Unicode>monialis</Unicode>
          </TextEquiv>
        </Word>
        <Word id="region0001_line0004_word0001" custom="readingOrder {index:1;}">
          <Coords points="338,775 469,774 469,803 338,804"/>
          <TextEquiv conf="0.9196979">
            <Unicode>vocatur</Unicode>
          </TextEquiv>
        </Word>
        <Word id="region0001_line0004_word0002" custom="readingOrder {index:2;}">
          <Coords points="585,807 909,806 909,773 492,775 492,807 497,807"/>
          <TextEquiv conf="0.7785761">
            <Unicode>VSVFRVCTVARIA,</Unicode>
          </TextEquiv>
        </Word>
        <Word id="region0001_line0004_word0003" custom="readingOrder {index:3;}">
          <Coords points="935,771 966,771 966,796 935,796"/>
          <TextEquiv conf="0.80790985">
            <Unicode>et</Unicode>
          </TextEquiv>
        </Word>
        <Word id="region0001_line0004_word0004" custom="readingOrder {index:4;}">
          <Coords points="1012,766 995,766 993,769 981,767 981,802 1053,802 1053,772 1022,772 1017,771"/>
          <TextEquiv conf="0.9087739">
            <Unicode>eius</Unicode>
          </TextEquiv>
        </Word>
        <TextEquiv conf="0.86247617">
          <Unicode>monialis vocatur VSVFRVCTVARIA, et eius</Unicode>
        </TextEquiv>
      </TextLine>
      <TextLine id="region0001_line0005" custom="readingOrder {index:4;}">
        <Coords points="614,820 608,824 606,835 556,835 554,829 547,824 536,825 530,834 469,830 412,835 407,824 392,823 382,832 375,824 359,825 345,838 229,843 223,835 217,833 206,834 202,841 178,838 149,839 150,898 189,894 192,882 262,881 267,894 278,895 287,890 289,880 327,879 336,889 348,889 360,877 364,877 372,886 382,886 393,876 402,875 762,877 767,872 767,863 775,862 780,857 779,837 774,832 683,832 674,830 668,824 657,824 649,834 645,834 636,824 626,820"/>
        <Word id="region0001_line0005_word0000" custom="readingOrder {index:0;}">
          <Coords points="159,838 160,879 311,878 310,839 229,843 223,835 217,833 206,834 202,841 178,838"/>
          <TextEquiv>
            <Unicode>princeps</Unicode>
          </TextEquiv>
        </Word>
        <Word id="region0001_line0005_word0001" custom="readingOrder {index:1;}">
          <Coords points="377,826 356,826 345,838 325,838 326,874 585,873 584,835 556,835 554,829 549,826 535,826 530,834 469,830 412,835 408,826 387,826 382,832"/>
          <TextEquiv>
            <Unicode>vſufructuarius</Unicode>
          </TextEquiv>
        </Word>
        <Word id="region0001_line0005_word0002" custom="readingOrder {index:2;}">
          <Coords points="637,825 608,825 606,835 605,835 606,864 731,863 730,832 683,832 674,830 668,824 657,825 649,834 645,834"/>
          <TextEquiv conf="0.9178195">
            <Unicode>dicitur.</Unicode>
          </TextEquiv>
        </Word>
        <TextEquiv>
          <Unicode>princeps vſufructuarius dicitur.</Unicode>
        </TextEquiv>
      </TextLine>
      <TextLine id="region0001_line0006" custom="readingOrder {index:5;}">
        <Coords points="817,881 812,886 811,896 772,896 764,894 757,887 745,884 730,885 726,897 674,894 581,897 574,887 562,887 555,896 545,896 538,888 525,888 519,895 497,895 491,894 482,884 469,886 465,894 375,896 367,887 358,887 349,896 297,899 276,899 246,893 202,893 165,899 163,929 175,943 238,951 245,955 273,954 278,949 279,938 426,937 427,944 432,949 449,948 454,937 530,938 532,947 538,952 554,951 559,945 560,938 894,938 899,948 917,950 921,947 923,938 1031,937 1066,932 1066,897 1057,887 1046,888 1042,896 992,896 991,887 987,882 967,881 957,896 884,895 883,885 878,880"/>
        <Word id="region0001_line0006_word0000" custom="readingOrder {index:0;}">
          <Coords points="263,896 218,897 218,941 278,940 279,938 329,937 329,897 297,899 276,899"/>
          <TextEquiv conf="0.8934666">
            <Unicode>Quum</Unicode>
          </TextEquiv>
        </Word>
        <Word id="region0001_line0006_word0001" custom="readingOrder {index:1;}">
          <Coords points="371,892 357,892 357,924 406,924 406,895 375,896"/>
          <TextEquiv conf="0.93251085">
            <Unicode>ius</Unicode>
          </TextEquiv>
        </Word>
        <Word id="region0001_line0006_word0002" custom="readingOrder {index:2;}">
          <Coords points="487,889 467,889 465,894 436,894 436,940 452,939 454,937 530,938 530,939 559,939 560,938 591,938 591,896 581,897 575,889 560,889 555,896 545,896 539,889 523,889 519,895 497,895 491,894"/>
          <TextEquiv conf="0.91937864">
            <Unicode>principis</Unicode>
          </TextEquiv>
        </Word>
        <Word id="region0001_line0006_word0003" custom="readingOrder {index:3;}">
          <Coords points="758,888 728,888 726,897 674,894 620,895 620,927 806,926 806,896 772,896 764,894"/>
          <TextEquiv conf="0.9172121">
            <Unicode>naturaliter</Unicode>
          </TextEquiv>
        </Word>
        <Word id="region0001_line0006_word0004" custom="readingOrder {index:4;}">
          <Coords points="837,886 876,885 876,925 837,926"/>
          <TextEquiv>
            <Unicode>ſit</Unicode>
          </TextEquiv>
        </Word>
        <Word id="region0001_line0006_word0005" custom="readingOrder {index:5;}">
          <Coords points="989,885 964,885 957,896 904,895 904,938 923,938 1031,937 1057,933 1057,887 1046,888 1042,896 992,896 991,887"/>
          <TextEquiv>
            <Unicode>perſona-</Unicode>
          </TextEquiv>
        </Word>
        <TextEquiv>
          <Unicode>Quum ius principis naturaliter ſit perſona-</Unicode>
        </TextEquiv>
      </TextLine>
      <TextLine id="region0001_line0007" custom="readingOrder {index:6;}">
        <Coords points="187,949 150,950 149,1006 290,1001 314,1002 334,1009 474,1011 518,1003 1002,1002 1051,1000 1065,993 1066,958 1020,960 996,949 984,949 978,953 975,961 962,962 915,959 820,962 815,954 802,954 796,948 778,949 773,962 614,963 607,962 599,952 587,953 581,962 524,962 497,958 422,958 409,951 351,951 340,953 329,960 318,961 245,963 244,955 238,952"/>
        <Word id="region0001_line0007_word0000" custom="readingOrder {index:0;}">
          <Coords points="244,955 166,956 166,995 325,994 325,960 318,961 245,963"/>
          <TextEquiv conf="0.6748591">
            <Unicode>liſſimum</Unicode>
          </TextEquiv>
        </Word>
        <Word id="region0001_line0007_word0001" custom="readingOrder {index:1;}">
          <Coords points="358,955 394,955 394,996 358,996"/>
          <TextEquiv>
            <Unicode>§.</Unicode>
          </TextEquiv>
        </Word>
        <Word id="region0001_line0007_word0002" custom="readingOrder {index:2;}">
          <Coords points="418,961 477,960 477,996 418,997"/>
          <TextEquiv>
            <Unicode>73;</Unicode>
          </TextEquiv>
        </Word>
        <Word id="region0001_line0007_word0003" custom="readingOrder {index:3;}">
          <Coords points="600,954 586,954 581,962 524,962 506,959 506,988 616,988 616,962 614,963 607,962"/>
          <TextEquiv conf="0.91264176">
            <Unicode>omnis</Unicode>
          </TextEquiv>
        </Word>
        <Word id="region0001_line0007_word0004" custom="readingOrder {index:4;}">
          <Coords points="799,951 777,951 773,962 646,962 646,989 833,988 833,961 820,962 815,954 802,954"/>
          <TextEquiv conf="0.905876">
            <Unicode>monarchia</Unicode>
          </TextEquiv>
        </Word>
        <Word id="region0001_line0007_word0005" custom="readingOrder {index:5;}">
          <Coords points="1003,952 978,952 978,953 975,961 962,962 915,959 857,960 857,988 1057,987 1057,958 1020,960"/>
          <TextEquiv conf="0.88492095">
            <Unicode>naturaliter</Unicode>
          </TextEquiv>
        </Word>
        <TextEquiv>
          <Unicode>liſſimum §. 73; omnis monarchia naturaliter</Unicode>
        </TextEquiv>
      </TextLine>
      <TextLine id="region0001_line0008" custom="readingOrder {index:7;}">
        <Coords points="200,1013 179,1016 175,1028 149,1030 150,1070 170,1070 177,1079 192,1077 199,1070 225,1068 336,1066 377,1070 382,1074 438,1069 439,1077 444,1082 496,1081 504,1069 512,1068 785,1063 840,1070 886,1064 1035,1066 1066,1062 1065,1028 1051,1028 1049,1020 1044,1016 1034,1016 1024,1026 1002,1026 957,1024 947,1014 934,1014 926,1025 913,1025 811,1024 804,1016 793,1016 785,1024 744,1024 738,1023 732,1017 708,1014 704,1017 702,1025 644,1027 640,1017 620,1015 615,1020 615,1027 606,1029 496,1025 339,1026 333,1018 321,1018 314,1025 278,1025 276,1018 271,1014 258,1014 253,1018 252,1026 245,1028 244,1020 238,1014"/>
        <Word id="region0001_line0008_word0000" custom="readingOrder {index:0;}">
          <Coords points="170,1028 171,1065 213,1065 212,1016 179,1016 175,1028"/>
          <TextEquiv conf="0.75265676">
            <Unicode>eſt</Unicode>
          </TextEquiv>
        </Word>
        <Word id="region0001_line0008_word0001" custom="readingOrder {index:1;}">
          <Coords points="242,1018 239,1018 240,1059 392,1058 391,1026 339,1026 333,1018 321,1018 314,1025 278,1025 276,1018 276,1018 253,1018 253,1018 252,1026 245,1028 244,1020"/>
          <TextEquiv conf="0.82881635">
            <Unicode>electiua,</Unicode>
          </TextEquiv>
        </Word>
        <Word id="region0001_line0008_word0002" custom="readingOrder {index:2;}">
          <Coords points="425,1027 505,1026 506,1064 426,1065"/>
          <TextEquiv conf="0.96468186">
            <Unicode>ergo</Unicode>
          </TextEquiv>
        </Word>
        <Word id="region0001_line0008_word0003" custom="readingOrder {index:3;}">
          <Coords points="578,1028 531,1028 532,1051 595,1051 594,1028"/>
          <TextEquiv conf="0.8259338">
            <Unicode>non</Unicode>
          </TextEquiv>
        </Word>
        <Word id="region0001_line0008_word0004" custom="readingOrder {index:4;}">
          <Coords points="629,1015 619,1015 617,1017 618,1056 844,1055 843,1024 811,1024 804,1016 793,1016 785,1024 744,1024 738,1023 732,1017 720,1015 705,1015 704,1017 702,1025 644,1027 640,1017"/>
          <TextEquiv conf="0.931939">
            <Unicode>hereditaria,</Unicode>
          </TextEquiv>
        </Word>
        <Word id="region0001_line0008_word0005" custom="readingOrder {index:5;}">
          <Coords points="949,1016 932,1016 926,1025 913,1025 876,1024 877,1050 976,1050 975,1024 957,1024"/>
          <TextEquiv conf="0.91265655">
            <Unicode>multo</Unicode>
          </TextEquiv>
        </Word>
        <Word id="region0001_line0008_word0006" custom="readingOrder {index:6;}">
          <Coords points="1046,1018 1032,1018 1024,1026 1002,1026 995,1025 996,1051 1056,1051 1055,1028 1051,1028 1049,1020"/>
          <TextEquiv conf="0.9153396">
            <Unicode>mi-</Unicode>
          </TextEquiv>
        </Word>
        <TextEquiv conf="0.87600344">
          <Unicode>eſt electiua, ergo non hereditaria, multo mi-</Unicode>
        </TextEquiv>
      </TextLine>
      <TextLine id="region0001_line0009" custom="readingOrder {index:8;}">
        <Coords points="738,1067 732,1073 733,1086 717,1087 708,1087 700,1079 691,1079 684,1086 605,1090 599,1082 589,1081 580,1091 487,1091 480,1082 455,1081 452,1083 450,1092 439,1092 434,1083 422,1082 414,1091 351,1092 346,1084 334,1082 326,1090 288,1090 275,1084 265,1084 259,1091 150,1096 150,1135 236,1135 241,1148 253,1148 259,1144 261,1134 283,1132 468,1131 496,1135 518,1144 553,1144 560,1139 562,1130 617,1129 618,1137 623,1144 636,1145 643,1141 645,1129 659,1127 754,1126 760,1136 771,1137 817,1134 821,1125 1039,1127 1049,1119 1049,1092 1044,1087 982,1088 976,1079 965,1079 957,1088 928,1088 892,1083 839,1086 837,1077 831,1073 817,1074 807,1084 799,1084 793,1075 782,1074 773,1084 754,1085 751,1070 747,1067"/>
        <Word id="region0001_line0009_word0000" custom="readingOrder {index:0;}">
          <Coords points="170,1095 170,1112 230,1112 230,1092"/>
          <TextEquiv conf="0.8330865">
            <Unicode>nus</Unicode>
          </TextEquiv>
        </Word>
        <Word id="region0001_line0009_word0001" custom="readingOrder {index:1;}">
          <Coords points="246,1091 246,1126 513,1124 513,1091 487,1091 480,1082 455,1081 452,1083 450,1092 439,1092 434,1083 422,1082 414,1091 351,1092 346,1084 334,1082 326,1090 288,1090 275,1084 265,1084 259,1091"/>
          <TextEquiv>
            <Unicode>patrimonialis,</Unicode>
          </TextEquiv>
        </Word>
        <Word id="region0001_line0009_word0002" custom="readingOrder {index:2;}">
          <Coords points="538,1091 538,1121 617,1121 617,1089 605,1090 599,1082 589,1081 580,1091"/>
          <TextEquiv conf="0.9275174">
            <Unicode>quin</Unicode>
          </TextEquiv>
        </Word>
        <Word id="region0001_line0009_word0003" custom="readingOrder {index:3;}">
          <Coords points="635,1088 635,1123 736,1122 736,1076 732,1076 733,1086 717,1087 708,1087 700,1079 691,1079 684,1086"/>
          <TextEquiv conf="0.88448995">
            <Unicode>potius</Unicode>
          </TextEquiv>
        </Word>
        <Word id="region0001_line0009_word0004" custom="readingOrder {index:4;}">
          <Coords points="757,1084 757,1123 1006,1122 1006,1087 982,1088 976,1079 965,1079 957,1088 928,1088 892,1083 839,1086 837,1077 831,1073 817,1074 807,1084 799,1084 793,1075 782,1074 773,1084"/>
          <TextEquiv conf="0.71226466">
            <Unicode>uſufructuaria.</Unicode>
          </TextEquiv>
        </Word>
        <TextEquiv>
          <Unicode>nus patrimonialis, quin potius uſufructuaria.</Unicode>
        </TextEquiv>
      </TextLine>
      <TextLine id="region0001_line0010" custom="readingOrder {index:9;}">
        <Coords points="804,1135 799,1138 796,1147 651,1152 597,1152 589,1143 578,1142 571,1152 562,1153 443,1153 324,1157 317,1149 306,1149 299,1158 293,1158 288,1157 281,1149 269,1150 265,1147 176,1148 171,1153 168,1198 173,1203 216,1203 486,1191 937,1186 950,1187 954,1201 973,1202 978,1198 980,1188 1065,1188 1066,1147 930,1148 898,1144 844,1148 836,1139 823,1141 817,1135"/>
        <Word id="region0001_line0010_word0000" custom="readingOrder {index:0;}">
          <Coords points="220,1156 220,1188 363,1187 363,1164 324,1166 317,1158 306,1158 299,1167 293,1167 288,1166 281,1158 269,1159 265,1156"/>
          <TextEquiv conf="0.9142385">
            <Unicode>Minime</Unicode>
          </TextEquiv>
        </Word>
        <Word id="region0001_line0010_word0001" custom="readingOrder {index:1;}">
          <Coords points="394,1154 395,1184 469,1183 468,1153 443,1153"/>
          <TextEquiv conf="0.9329674">
            <Unicode>vero</Unicode>
          </TextEquiv>
        </Word>
        <Word id="region0001_line0010_word0002" custom="readingOrder {index:2;}">
          <Coords points="499,1163 499,1184 640,1184 640,1162 597,1162 589,1153 578,1152 571,1162 562,1163"/>
          <TextEquiv>
            <Unicode>omnium</Unicode>
          </TextEquiv>
        </Word>
        <Word id="region0001_line0010_word0003" custom="readingOrder {index:3;}">
          <Coords points="818,1136 802,1136 799,1138 796,1147 666,1151 666,1173 856,1173 856,1147 844,1148 836,1139 823,1141"/>
          <TextEquiv conf="0.9065784">
            <Unicode>monarchia</Unicode>
          </TextEquiv>
        </Word>
        <Word id="region0001_line0010_word0004" custom="readingOrder {index:4;}">
          <Coords points="914,1146 885,1146 885,1184 1056,1184 1056,1147 930,1148"/>
          <TextEquiv>
            <Unicode>tamquam</Unicode>
          </TextEquiv>
        </Word>
        <TextEquiv>
          <Unicode>Minime vero omnium monarchia tamquam</Unicode>
        </TextEquiv>
      </TextLine>
      <TextLine id="region0001_line0011" custom="readingOrder {index:10;}">
        <Coords points="722,1196 717,1200 715,1209 653,1208 561,1212 554,1202 538,1202 534,1205 532,1213 522,1213 515,1205 505,1205 497,1213 452,1215 436,1215 430,1207 418,1207 411,1215 381,1213 257,1220 251,1212 238,1210 230,1214 224,1223 149,1222 150,1281 175,1280 187,1275 191,1264 201,1263 207,1263 211,1272 221,1274 230,1272 238,1262 307,1260 311,1271 346,1273 351,1268 353,1257 433,1253 827,1250 828,1258 833,1263 886,1261 890,1258 892,1250 955,1250 976,1252 978,1262 988,1267 999,1266 1004,1252 1066,1249 1065,1210 1062,1210 1042,1210 1038,1207 1029,1207 1025,1210 971,1210 965,1203 954,1202 946,1211 936,1211 897,1206 888,1198 878,1199 874,1207 753,1209 746,1199"/>
        <Word id="region0001_line0011_word0000" custom="readingOrder {index:0;}">
          <Coords points="164,1222 165,1255 307,1254 306,1217 257,1220 251,1212 238,1210 230,1214 224,1223"/>
          <TextEquiv conf="0.8610908">
            <Unicode>perfecte</Unicode>
          </TextEquiv>
        </Word>
        <Word id="region0001_line0011_word0001" custom="readingOrder {index:1;}">
          <Coords points="515,1205 504,1205 497,1213 452,1215 436,1215 430,1207 418,1207 411,1215 381,1213 330,1215 331,1253 548,1252 577,1251 577,1211 561,1212 556,1205 533,1205 532,1213 522,1213"/>
          <TextEquiv conf="0.80635226">
            <Unicode>patrimonialis</Unicode>
          </TextEquiv>
        </Word>
        <Word id="region0001_line0011_word0002" custom="readingOrder {index:2;}">
          <Coords points="746,1200 716,1200 715,1209 653,1208 610,1209 610,1238 796,1237 796,1208 753,1209"/>
          <TextEquiv conf="0.92087877">
            <Unicode>naturaliter</Unicode>
          </TextEquiv>
        </Word>
        <Word id="region0001_line0011_word0003" custom="readingOrder {index:3;}">
          <Coords points="890,1200 877,1200 874,1207 819,1207 820,1248 962,1247 962,1202 954,1202 946,1211 936,1211 897,1206"/>
          <TextEquiv conf="0.904135">
            <Unicode>cogitari</Unicode>
          </TextEquiv>
        </Word>
        <Word id="region0001_line0011_word0004" custom="readingOrder {index:4;}">
          <Coords points="1039,1208 1027,1208 1025,1210 985,1210 986,1251 1024,1251 1057,1249 1057,1210 1042,1210"/>
          <TextEquiv conf="0.924136">
            <Unicode>pot-</Unicode>
          </TextEquiv>
        </Word>
        <TextEquiv conf="0.88331854">
          <Unicode>perfecte patrimonialis naturaliter cogitari pot-</Unicode>
        </TextEquiv>
      </TextLine>
      <TextLine id="region0001_line0012" custom="readingOrder {index:11;}">
        <Coords points="556,1257 547,1261 545,1271 521,1272 478,1272 470,1263 459,1263 452,1273 362,1277 329,1277 309,1270 189,1274 176,1280 174,1286 150,1288 150,1328 175,1328 181,1333 192,1333 204,1327 247,1324 320,1332 335,1330 339,1317 400,1317 430,1314 581,1313 582,1319 603,1326 608,1321 609,1313 768,1311 845,1313 848,1322 862,1326 870,1322 872,1312 993,1316 1066,1312 1066,1279 1060,1279 1060,1263 1055,1258 1005,1259 1000,1265 999,1273 981,1273 949,1272 944,1263 927,1258 918,1258 912,1263 907,1258 896,1258 892,1261 889,1271 858,1271 856,1265 850,1262 835,1264 833,1270 728,1270 721,1260 710,1260 702,1269 645,1271 641,1263 627,1261 620,1271 586,1271 572,1270 568,1259"/>
        <Word id="region0001_line0012_word0000" custom="readingOrder {index:0;}">
          <Coords points="170,1286 170,1313 222,1313 222,1272 189,1274 176,1280 174,1286"/>
          <TextEquiv>
            <Unicode>eſt.</Unicode>
          </TextEquiv>
        </Word>
        <Word id="region0001_line0012_word0001" custom="readingOrder {index:1;}">
          <Coords points="277,1271 277,1315 389,1315 389,1275 362,1277 329,1277 309,1270"/>
          <TextEquiv conf="0.837875">
            <Unicode>Quum</Unicode>
          </TextEquiv>
        </Word>
        <Word id="region0001_line0012_word0002" custom="readingOrder {index:2;}">
          <Coords points="474,1268 455,1268 452,1273 417,1274 417,1301 506,1300 506,1272 478,1272"/>
          <TextEquiv conf="0.96113336">
            <Unicode>enim</Unicode>
          </TextEquiv>
        </Word>
        <Word id="region0001_line0012_word0003" custom="readingOrder {index:3;}">
          <Coords points="525,1271 525,1299 565,1299 565,1262 546,1262 545,1271"/>
          <TextEquiv conf="0.9309471">
            <Unicode>ad</Unicode>
          </TextEquiv>
        </Word>
        <Word id="region0001_line0012_word0004" custom="readingOrder {index:4;}">
          <Coords points="642,1266 622,1266 620,1271 590,1271 590,1315 608,1314 609,1313 768,1311 778,1311 778,1270 728,1270 725,1266 704,1266 702,1269 645,1271"/>
          <TextEquiv conf="0.91406417">
            <Unicode>primarium</Unicode>
          </TextEquiv>
        </Word>
        <Word id="region0001_line0012_word0005" custom="readingOrder {index:5;}">
          <Coords points="853,1263 836,1263 835,1264 833,1270 806,1270 806,1311 845,1313 845,1314 871,1314 872,1312 941,1314 998,1314 998,1273 981,1273 949,1272 944,1263 891,1263 889,1271 858,1271 856,1265"/>
          <TextEquiv conf="0.92028135">
            <Unicode>reipublicae</Unicode>
          </TextEquiv>
        </Word>
        <Word id="region0001_line0012_word0006" custom="readingOrder {index:6;}">
          <Coords points="1020,1262 1058,1262 1058,1302 1020,1302"/>
          <TextEquiv conf="0.86224437">
            <Unicode>fi-</Unicode>
          </TextEquiv>
        </Word>
        <TextEquiv>
          <Unicode>eſt. Quum enim ad primarium reipublicae fi-</Unicode>
        </TextEquiv>
      </TextLine>
      <TextLine id="region0001_line0013" custom="readingOrder {index:12;}">
        <Coords points="581,1320 569,1330 566,1337 544,1337 542,1327 536,1322 522,1322 514,1328 510,1336 503,1336 498,1323 483,1321 477,1325 475,1335 430,1334 374,1338 366,1329 355,1329 348,1337 341,1338 150,1347 149,1390 275,1383 281,1393 296,1394 306,1381 451,1378 895,1379 983,1384 1065,1381 1066,1341 1061,1341 947,1339 940,1329 929,1329 922,1338 859,1338 857,1328 846,1321 834,1323 825,1337 779,1337 778,1328 772,1322 758,1323 754,1328 753,1337 701,1336 693,1325 680,1326 673,1336 672,1324 667,1319 629,1320 624,1325 623,1337 604,1338 601,1327"/>
        <Word id="region0001_line0013_word0000" custom="readingOrder {index:0;}">
          <Coords points="170,1346 170,1368 247,1368 247,1342"/>
          <TextEquiv conf="0.9302772">
            <Unicode>nem</Unicode>
          </TextEquiv>
        </Word>
        <Word id="region0001_line0013_word0001" custom="readingOrder {index:1;}">
          <Coords points="366,1330 354,1330 348,1337 341,1338 285,1340 285,1376 442,1376 442,1334 430,1334 374,1338"/>
          <TextEquiv conf="0.92112464">
            <Unicode>pertineat</Unicode>
          </TextEquiv>
        </Word>
        <Word id="region0001_line0013_word0002" custom="readingOrder {index:2;}">
          <Coords points="498,1324 478,1324 477,1325 475,1335 474,1335 474,1366 619,1366 619,1337 604,1338 601,1327 592,1324 576,1324 569,1330 566,1337 544,1337 542,1327 538,1324 519,1324 514,1328 510,1336 503,1336"/>
          <TextEquiv conf="0.9219886">
            <Unicode>defenſio</Unicode>
          </TextEquiv>
        </Word>
        <Word id="region0001_line0013_word0003" custom="readingOrder {index:3;}">
          <Coords points="672,1326 647,1327 647,1366 693,1365 693,1326 679,1326 673,1336"/>
          <TextEquiv conf="0.6288006">
            <Unicode>ſui</Unicode>
          </TextEquiv>
        </Word>
        <Word id="region0001_line0013_word0004" custom="readingOrder {index:4;}">
          <Coords points="772,1322 760,1322 758,1323 754,1328 753,1337 733,1336 733,1365 881,1364 881,1338 859,1338 857,1328 847,1322 838,1322 834,1323 825,1337 779,1337 778,1328"/>
          <TextEquiv conf="0.90836805">
            <Unicode>aduerſus</Unicode>
          </TextEquiv>
        </Word>
        <Word id="region0001_line0013_word0005" custom="readingOrder {index:5;}">
          <Coords points="909,1338 909,1362 976,1362 976,1339 947,1339 940,1329 929,1329 922,1338"/>
          <TextEquiv conf="0.932935">
            <Unicode>vim</Unicode>
          </TextEquiv>
        </Word>
        <Word id="region0001_line0013_word0006" custom="readingOrder {index:6;}">
          <Coords points="1004,1340 1004,1363 1057,1363 1057,1340"/>
          <TextEquiv conf="0.90364045">
            <Unicode>ex-</Unicode>
          </TextEquiv>
        </Word>
        <TextEquiv conf="0.8781621">
          <Unicode>nem pertineat defenſio ſui aduerſus vim ex-</Unicode>
        </TextEquiv>
      </TextLine>
      <TextLine id="region0001_line0014" custom="readingOrder {index:13;}">
        <Coords points="688,1387 674,1391 669,1401 660,1400 653,1391 639,1392 634,1401 589,1402 585,1394 571,1392 564,1402 531,1402 523,1390 513,1389 504,1400 407,1399 382,1402 280,1402 149,1408 149,1451 214,1451 278,1446 295,1449 303,1455 316,1453 360,1457 365,1453 365,1446 370,1444 478,1441 533,1444 848,1446 882,1448 891,1452 937,1448 1065,1447 1065,1406 1040,1407 1037,1397 1031,1393 1019,1393 1011,1399 997,1397 990,1407 981,1407 975,1398 966,1397 959,1391 951,1391 944,1396 942,1406 913,1408 900,1403 865,1400 847,1403 845,1395 840,1391 818,1394 813,1399 808,1391 794,1387 735,1387 730,1392 729,1401 719,1402 712,1391"/>
        <Word id="region0001_line0014_word0000" custom="readingOrder {index:0;}">
          <Coords points="167,1407 167,1442 315,1441 315,1405 197,1405"/>
          <TextEquiv conf="0.89326537">
            <Unicode>ternam,</Unicode>
          </TextEquiv>
        </Word>
        <Word id="region0001_line0014_word0001" custom="readingOrder {index:1;}">
          <Coords points="442,1442 442,1404 348,1404 348,1444 370,1444"/>
          <TextEquiv conf="0.92145723">
            <Unicode>pacto</Unicode>
          </TextEquiv>
        </Word>
        <Word id="region0001_line0014_word0002" custom="readingOrder {index:2;}">
          <Coords points="526,1395 508,1395 504,1400 470,1399 470,1432 597,1432 597,1401 589,1402 585,1395 568,1395 564,1402 531,1402"/>
          <TextEquiv conf="0.9212729">
            <Unicode>vnionis</Unicode>
          </TextEquiv>
        </Word>
        <Word id="region0001_line0014_word0003" custom="readingOrder {index:3;}">
          <Coords points="655,1393 637,1393 634,1401 624,1401 624,1434 728,1433 728,1401 719,1402 713,1393 672,1393 669,1401 660,1400"/>
          <TextEquiv conf="0.91470236">
            <Unicode>ciuilis</Unicode>
          </TextEquiv>
        </Word>
        <Word id="region0001_line0014_word0004" custom="readingOrder {index:4;}">
          <Coords points="809,1393 751,1394 751,1438 908,1437 908,1406 900,1403 865,1400 847,1403 845,1395 843,1393 821,1393 818,1394 813,1399"/>
          <TextEquiv>
            <Unicode>ſlabilita;</Unicode>
          </TextEquiv>
        </Word>
        <Word id="region0001_line0014_word0005" custom="readingOrder {index:5;}">
          <Coords points="960,1399 949,1399 944,1403 942,1413 940,1413 940,1437 1057,1437 1057,1413 1040,1414 1037,1404 1031,1400 1019,1400 1011,1406 997,1404 990,1414 981,1414 975,1405 966,1404"/>
          <TextEquiv conf="0.92570364">
            <Unicode>diuiſio</Unicode>
          </TextEquiv>
        </Word>
        <TextEquiv>
          <Unicode>ternam, pacto vnionis ciuilis ſlabilita; diuiſio</Unicode>
        </TextEquiv>
      </TextLine>
      <TextLine id="region0001_line0015" custom="readingOrder {index:14;}">
        <Coords points="581,1454 577,1457 574,1468 464,1466 456,1456 432,1457 425,1467 390,1466 384,1465 376,1456 367,1456 361,1460 359,1466 303,1464 254,1470 214,1469 209,1472 150,1476 150,1518 310,1510 492,1508 621,1510 626,1522 645,1523 650,1519 652,1509 715,1508 794,1509 796,1518 803,1523 819,1521 823,1510 930,1511 931,1519 937,1525 957,1524 961,1511 1011,1512 1042,1521 1066,1519 1066,1469 844,1469 842,1459 836,1454 823,1455 818,1468 766,1468 764,1460 758,1456 745,1458 740,1467 706,1466 698,1455 686,1456 681,1466 600,1467 593,1455"/>
        <Word id="region0001_line0015_word0000" custom="readingOrder {index:0;}">
          <Coords points="169,1474 169,1502 279,1501 279,1470 211,1470 209,1472"/>
          <TextEquiv conf="0.93287474">
            <Unicode>autem</Unicode>
          </TextEquiv>
        </Word>
        <Word id="region0001_line0015_word0001" custom="readingOrder {index:1;}">
          <Coords points="381,1462 360,1462 359,1466 303,1464 302,1464 302,1497 455,1497 455,1462 428,1462 425,1467 390,1466 384,1465"/>
          <TextEquiv conf="0.91567093">
            <Unicode>territorii</Unicode>
          </TextEquiv>
        </Word>
        <Word id="region0001_line0015_word0002" custom="readingOrder {index:2;}">
          <Coords points="481,1473 556,1473 556,1497 481,1497"/>
          <TextEquiv conf="0.9560057">
            <Unicode>cum</Unicode>
          </TextEquiv>
        </Word>
        <Word id="region0001_line0015_word0003" custom="readingOrder {index:3;}">
          <Coords points="595,1459 582,1459 582,1509 609,1510 652,1510 652,1509 715,1508 722,1508 722,1466 706,1466 700,1458 685,1458 681,1466 600,1467"/>
          <TextEquiv conf="0.9564617">
            <Unicode>imperio</Unicode>
          </TextEquiv>
        </Word>
        <Word id="region0001_line0015_word0004" custom="readingOrder {index:4;}">
          <Coords points="762,1459 748,1459 748,1494 783,1494 783,1468 766,1468 764,1460"/>
          <TextEquiv conf="0.92912513">
            <Unicode>in</Unicode>
          </TextEquiv>
        </Word>
        <Word id="region0001_line0015_word0005" custom="readingOrder {index:5;}">
          <Coords points="838,1455 822,1455 818,1468 804,1468 804,1509 910,1508 910,1469 844,1469 842,1459"/>
          <TextEquiv conf="0.91285">
            <Unicode>plures</Unicode>
          </TextEquiv>
        </Word>
        <Word id="region0001_line0015_word0006" custom="readingOrder {index:6;}">
          <Coords points="940,1469 940,1508 1056,1508 1056,1469"/>
          <TextEquiv conf="0.9680302">
            <Unicode>partes,</Unicode>
          </TextEquiv>
        </Word>
        <TextEquiv conf="0.93871695">
          <Unicode>autem territorii cum imperio in plures partes,</Unicode>
        </TextEquiv>
      </TextLine>
      <TextLine id="region0001_line0016" custom="readingOrder {index:15;}">
        <Coords points="361,1519 349,1526 336,1526 331,1536 322,1535 316,1526 308,1525 301,1520 287,1522 283,1527 283,1534 275,1536 213,1539 204,1530 150,1528 149,1584 277,1577 641,1575 646,1586 660,1586 668,1581 670,1573 849,1575 952,1578 957,1589 971,1591 978,1587 980,1578 1065,1577 1066,1543 1052,1540 1050,1534 1043,1529 1033,1529 1020,1537 872,1533 865,1531 856,1524 845,1525 839,1534 829,1534 822,1524 811,1524 804,1533 690,1532 685,1519 672,1518 667,1522 665,1532 611,1533 604,1523 590,1525 586,1533 562,1533 554,1523 543,1523 536,1530 528,1532 512,1532 495,1522 486,1522 480,1526 478,1533 469,1533 464,1524 452,1523 443,1534 382,1535 381,1527 376,1521"/>
        <Word id="region0001_line0016_word0000" custom="readingOrder {index:0;}">
          <Coords points="204,1530 168,1530 168,1567 249,1567 249,1537 213,1539"/>
          <TextEquiv>
            <Unicode>hinc</Unicode>
          </TextEquiv>
        </Word>
        <Word id="region0001_line0016_word0001" custom="readingOrder {index:1;}">
          <Coords points="305,1523 286,1523 283,1527 283,1534 282,1534 282,1563 399,1563 399,1534 382,1535 381,1527 377,1523 354,1523 349,1526 336,1526 331,1536 322,1535 316,1526 308,1525"/>
          <TextEquiv conf="0.90832067">
            <Unicode>diuiſio</Unicode>
          </TextEquiv>
        </Word>
        <Word id="region0001_line0016_word0002" custom="readingOrder {index:2;}">
          <Coords points="465,1526 448,1526 443,1534 433,1534 433,1563 571,1562 571,1533 562,1533 556,1526 539,1526 536,1530 528,1532 512,1532 502,1526 479,1526 478,1533 469,1533"/>
          <TextEquiv conf="0.9162101">
            <Unicode>ciuitatis</Unicode>
          </TextEquiv>
        </Word>
        <Word id="region0001_line0016_word0003" custom="readingOrder {index:3;}">
          <Coords points="606,1526 594,1526 594,1560 627,1560 627,1532 611,1533"/>
          <TextEquiv conf="0.93293196">
            <Unicode>in</Unicode>
          </TextEquiv>
        </Word>
        <Word id="region0001_line0016_word0004" custom="readingOrder {index:4;}">
          <Coords points="686,1522 667,1522 667,1522 665,1532 651,1532 651,1573 758,1572 758,1533 690,1532"/>
          <TextEquiv conf="0.9227872">
            <Unicode>plures</Unicode>
          </TextEquiv>
        </Word>
        <Word id="region0001_line0016_word0005" custom="readingOrder {index:5;}">
          <Coords points="822,1531 810,1531 804,1540 792,1539 792,1566 937,1565 937,1541 872,1540 865,1538 856,1531 849,1531 845,1532 839,1541 829,1541"/>
          <TextEquiv conf="0.9134897">
            <Unicode>ciuitates</Unicode>
          </TextEquiv>
        </Word>
        <Word id="region0001_line0016_word0006" custom="readingOrder {index:6;}">
          <Coords points="962,1535 962,1572 1060,1572 1060,1541 1052,1540 1050,1534 1043,1529 1033,1529 1020,1537"/>
          <TextEquiv>
            <Unicode>parti-</Unicode>
          </TextEquiv>
        </Word>
        <TextEquiv>
          <Unicode>hinc diuiſio ciuitatis in plures ciuitates parti-</Unicode>
        </TextEquiv>
      </TextLine>
      <TextLine id="region0001_line0017" custom="readingOrder {index:16;}">
        <Coords points="384,1586 372,1591 367,1598 230,1602 226,1591 211,1590 206,1594 204,1603 153,1604 149,1605 149,1645 518,1639 565,1640 570,1650 584,1652 592,1648 594,1640 812,1637 951,1642 953,1649 960,1653 974,1653 986,1641 1065,1640 1065,1600 1059,1600 931,1599 924,1590 913,1590 906,1598 875,1598 864,1587 852,1589 846,1598 785,1594 716,1596 708,1586 696,1586 689,1595 648,1597 631,1597 624,1587 610,1588 605,1597 532,1597 525,1588 515,1587 507,1598 488,1598 486,1589 480,1585 466,1587 460,1597 439,1599 433,1590 419,1589 414,1593 412,1600 404,1600 397,1588"/>
        <Word id="region0001_line0017_word0000" custom="readingOrder {index:0;}">
          <Coords points="226,1591 208,1591 206,1594 204,1603 171,1603 171,1629 293,1628 293,1600 230,1602"/>
          <TextEquiv conf="0.91748625">
            <Unicode>culares</Unicode>
          </TextEquiv>
        </Word>
        <Word id="region0001_line0017_word0001" custom="readingOrder {index:1;}">
          <Coords points="318,1602 350,1602 350,1628 318,1628"/>
          <TextEquiv conf="0.9626749">
            <Unicode>et</Unicode>
          </TextEquiv>
        </Word>
        <Word id="region0001_line0017_word0002" custom="readingOrder {index:2;}">
          <Coords points="398,1591 372,1591 372,1628 432,1628 432,1591 416,1591 414,1593 412,1600 404,1600"/>
          <TextEquiv conf="0.929436">
            <Unicode>fini</Unicode>
          </TextEquiv>
        </Word>
        <Word id="region0001_line0017_word0003" custom="readingOrder {index:3;}">
          <Coords points="486,1590 469,1590 469,1625 547,1625 547,1597 532,1597 526,1590 512,1590 507,1598 488,1598"/>
          <TextEquiv conf="0.88423264">
            <Unicode>huic</Unicode>
          </TextEquiv>
        </Word>
        <Word id="region0001_line0017_word0004" custom="readingOrder {index:4;}">
          <Coords points="626,1590 608,1590 605,1597 575,1597 575,1639 731,1638 731,1595 716,1596 711,1590 692,1590 689,1595 648,1597 631,1597"/>
          <TextEquiv conf="0.92010206">
            <Unicode>primario</Unicode>
          </TextEquiv>
        </Word>
        <Word id="region0001_line0017_word0005" custom="readingOrder {index:5;}">
          <Coords points="755,1598 787,1598 787,1624 755,1624"/>
          <TextEquiv conf="0.9330248">
            <Unicode>et</Unicode>
          </TextEquiv>
        </Word>
        <Word id="region0001_line0017_word0006" custom="readingOrder {index:6;}">
          <Coords points="866,1589 851,1589 846,1598 810,1595 810,1623 939,1622 939,1599 931,1599 924,1590 913,1590 906,1598 875,1598"/>
          <TextEquiv conf="0.89956087">
            <Unicode>vnionis</Unicode>
          </TextEquiv>
        </Word>
        <Word id="region0001_line0017_word0007" custom="readingOrder {index:7;}">
          <Coords points="961,1599 961,1635 1057,1635 1057,1599"/>
          <TextEquiv conf="0.9100366">
            <Unicode>pacto</Unicode>
          </TextEquiv>
        </Word>
        <TextEquiv conf="0.91956925">
          <Unicode>culares et fini huic primario et vnionis pacto</Unicode>
        </TextEquiv>
      </TextLine>
      <TextLine id="region0001_line0018" custom="readingOrder {index:17;}">
        <Coords points="218,1650 213,1655 211,1663 150,1665 150,1705 590,1701 591,1709 596,1714 632,1714 643,1710 655,1710 658,1699 663,1699 663,1705 669,1711 688,1706 689,1698 866,1698 873,1700 873,1707 879,1713 899,1713 904,1708 905,1700 1066,1702 1066,1669 1045,1665 1033,1666 1026,1655 1014,1655 1007,1663 902,1661 889,1659 881,1651 870,1651 864,1657 851,1657 847,1660 741,1660 735,1649 719,1648 713,1658 536,1658 529,1661 523,1650 506,1648 499,1654 496,1661 451,1663 445,1651 431,1649 424,1653 423,1664 329,1661 254,1663 239,1653"/>
        <Word id="region0001_line0018_word0000" custom="readingOrder {index:0;}">
          <Coords points="171,1667 191,1667 191,1691 171,1691"/>
          <TextEquiv>
            <Unicode>e</Unicode>
          </TextEquiv>
        </Word>
        <Word id="region0001_line0018_word0001" custom="readingOrder {index:1;}">
          <Coords points="237,1652 215,1652 213,1655 211,1663 209,1663 210,1690 371,1689 370,1662 329,1661 254,1663 239,1653"/>
          <TextEquiv conf="0.9099127">
            <Unicode>diametro</Unicode>
          </TextEquiv>
        </Word>
        <Word id="region0001_line0018_word0002" custom="readingOrder {index:2;}">
          <Coords points="445,1651 425,1651 424,1653 423,1664 403,1663 404,1688 606,1687 605,1658 536,1658 529,1661 523,1651 501,1651 499,1654 496,1661 451,1663"/>
          <TextEquiv conf="0.90477073">
            <Unicode>aduerſetur:</Unicode>
          </TextEquiv>
        </Word>
        <Word id="region0001_line0018_word0003" custom="readingOrder {index:3;}">
          <Coords points="736,1651 717,1651 713,1658 631,1658 632,1699 689,1699 689,1698 767,1698 766,1660 741,1660"/>
          <TextEquiv>
            <Unicode>populus</Unicode>
          </TextEquiv>
        </Word>
        <Word id="region0001_line0018_word0004" custom="readingOrder {index:4;}">
          <Coords points="882,1652 868,1652 864,1657 851,1657 847,1660 787,1660 788,1698 978,1697 977,1662 902,1661 889,1659"/>
          <TextEquiv conf="0.8954399">
            <Unicode>neutiquam</Unicode>
          </TextEquiv>
        </Word>
        <Word id="region0001_line0018_word0005" custom="readingOrder {index:5;}">
          <Coords points="1010,1670 1010,1696 1060,1696 1060,1677 1046,1675 1034,1676 1027,1665 1015,1665"/>
          <TextEquiv>
            <Unicode>in-</Unicode>
          </TextEquiv>
        </Word>
        <TextEquiv>
          <Unicode>e diametro aduerſetur: populus neutiquam in-</Unicode>
        </TextEquiv>
      </TextLine>
      <TextLine id="region0001_line0019" custom="readingOrder {index:18;}">
        <Coords points="687,1707 673,1712 672,1719 660,1719 656,1710 635,1713 627,1720 526,1721 480,1721 472,1712 461,1713 455,1722 378,1722 370,1714 359,1714 352,1722 292,1721 277,1714 265,1714 259,1721 247,1722 230,1713 207,1714 202,1718 200,1725 150,1724 149,1769 213,1767 217,1773 225,1776 269,1775 274,1770 275,1761 387,1760 391,1774 409,1775 414,1770 415,1760 610,1759 618,1768 629,1768 640,1758 676,1757 678,1764 684,1768 723,1768 739,1765 743,1757 782,1757 864,1758 869,1771 880,1773 894,1768 896,1759 938,1761 972,1769 1055,1764 1066,1760 1066,1728 1057,1727 1055,1719 1049,1715 1037,1716 1031,1725 1004,1725 984,1722 880,1720 875,1712 861,1709 845,1710 841,1721 826,1721 785,1719 777,1710 767,1710 757,1719 745,1718 743,1711 734,1707"/>
        <Word id="region0001_line0019_word0000" custom="readingOrder {index:0;}">
          <Coords points="236,1716 203,1716 202,1718 200,1725 171,1724 171,1763 274,1762 275,1761 332,1760 332,1721 292,1721 281,1716 262,1716 259,1721 247,1722"/>
          <TextEquiv conf="0.92165875">
            <Unicode>telligitur</Unicode>
          </TextEquiv>
        </Word>
        <Word id="region0001_line0019_word0001" custom="readingOrder {index:1;}">
          <Coords points="373,1717 355,1717 354,1719 354,1760 387,1760 387,1762 414,1762 415,1760 525,1759 525,1721 480,1721 476,1717 458,1717 455,1722 378,1722"/>
          <TextEquiv conf="0.9039318">
            <Unicode>imperium</Unicode>
          </TextEquiv>
        </Word>
        <Word id="region0001_line0019_word0002" custom="readingOrder {index:2;}">
          <Coords points="658,1714 633,1715 627,1720 547,1721 547,1759 639,1759 640,1758 676,1757 676,1758 742,1758 742,1714 673,1714 672,1719 660,1719"/>
          <TextEquiv conf="0.52455497">
            <Unicode>tranſtuliſſe</Unicode>
          </TextEquiv>
        </Word>
        <Word id="region0001_line0019_word0003" custom="readingOrder {index:3;}">
          <Coords points="783,1717 760,1717 760,1747 798,1747 798,1719 785,1719"/>
          <TextEquiv conf="0.9104358">
            <Unicode>in</Unicode>
          </TextEquiv>
        </Word>
        <Word id="region0001_line0019_word0004" custom="readingOrder {index:4;}">
          <Coords points="875,1712 843,1712 841,1721 826,1721 823,1720 823,1757 864,1758 865,1760 895,1760 896,1759 924,1760 985,1760 985,1722 984,1722 880,1720"/>
          <TextEquiv>
            <Unicode>aliquem,</Unicode>
          </TextEquiv>
        </Word>
        <Word id="region0001_line0019_word0006" custom="readingOrder {index:5;}">
          <Coords points="1008,1731 1008,1753 1058,1753 1058,1733 1053,1733 1051,1725 1045,1721 1033,1722 1027,1731"/>
          <TextEquiv conf="0.9269857">
            <Unicode>ni-</Unicode>
          </TextEquiv>
        </Word>
        <TextEquiv>
          <Unicode>telligitur imperium tranſtuliſſe in aliquem, ni-</Unicode>
        </TextEquiv>
      </TextLine>
      <TextLine id="region0001_line0020" custom="readingOrder {index:19;}">
        <Coords points="666,1766 660,1771 658,1779 651,1772 642,1772 634,1782 623,1782 618,1774 609,1773 603,1768 590,1769 585,1781 560,1782 447,1781 432,1774 422,1774 410,1782 365,1780 297,1783 295,1776 287,1772 274,1774 270,1784 253,1787 203,1788 195,1780 159,1783 154,1788 149,1788 149,1841 192,1839 215,1829 269,1825 276,1825 278,1832 283,1836 337,1836 342,1831 343,1822 448,1822 469,1824 475,1830 484,1830 492,1825 508,1825 531,1820 678,1818 722,1819 757,1826 817,1821 967,1830 1065,1830 1065,1791 987,1791 906,1783 903,1781 902,1773 897,1769 881,1773 878,1781 825,1777 801,1780 743,1780 709,1776 691,1778 677,1766"/>
        <Word id="region0001_line0020_word0000" custom="readingOrder {index:0;}">
          <Coords points="167,1821 202,1820 202,1787 195,1780 167,1782"/>
          <TextEquiv>
            <Unicode>ſi</Unicode>
          </TextEquiv>
        </Word>
        <Word id="region0001_line0020_word0001" custom="readingOrder {index:1;}">
          <Coords points="216,1794 216,1815 253,1815 253,1794"/>
          <TextEquiv>
            <Unicode>ea</Unicode>
          </TextEquiv>
        </Word>
        <Word id="region0001_line0020_word0002" custom="readingOrder {index:2;}">
          <Coords points="274,1774 274,1819 341,1819 341,1781 297,1783 295,1776 287,1772"/>
          <TextEquiv conf="0.93108946">
            <Unicode>lege</Unicode>
          </TextEquiv>
        </Word>
        <Word id="region0001_line0020_word0003" custom="readingOrder {index:3;}">
          <Coords points="435,1775 419,1775 410,1782 365,1780 362,1780 362,1817 489,1816 489,1781 447,1781"/>
          <TextEquiv conf="0.9255853">
            <Unicode>tacita,</Unicode>
          </TextEquiv>
        </Word>
        <Word id="region0001_line0020_word0004" custom="readingOrder {index:4;}">
          <Coords points="516,1785 554,1785 554,1806 516,1806"/>
          <TextEquiv conf="0.92214686">
            <Unicode>ne</Unicode>
          </TextEquiv>
        </Word>
        <Word id="region0001_line0020_word0005" custom="readingOrder {index:5;}">
          <Coords points="606,1771 589,1771 585,1781 576,1781 576,1813 770,1812 770,1780 743,1780 709,1776 691,1778 682,1770 661,1771 660,1771 658,1779 651,1772 642,1772 634,1782 623,1782 618,1774 609,1773"/>
          <TextEquiv conf="0.79699826">
            <Unicode>diuidatur,</Unicode>
          </TextEquiv>
        </Word>
        <Word id="region0001_line0020_word0006" custom="readingOrder {index:6;}">
          <Coords points="794,1780 794,1805 828,1805 828,1778 817,1778 801,1780"/>
          <TextEquiv conf="0.9330387">
            <Unicode>vt</Unicode>
          </TextEquiv>
        </Word>
        <Word id="region0001_line0020_word0007" custom="readingOrder {index:7;}">
          <Coords points="857,1786 857,1814 940,1813 940,1793 906,1790 903,1788 902,1780 897,1776 881,1780 878,1788"/>
          <TextEquiv conf="0.92185485">
            <Unicode>adeo</Unicode>
          </TextEquiv>
        </Word>
        <Word id="region0001_line0020_word0008" custom="readingOrder {index:8;}">
          <Coords points="968,1789 968,1821 1057,1821 1057,1791 987,1791"/>
          <TextEquiv>
            <Unicode>omne</Unicode>
          </TextEquiv>
        </Word>
        <TextEquiv>
          <Unicode>ſi ea lege tacita, ne diuidatur, vt adeo omne</Unicode>
        </TextEquiv>
      </TextLine>
      <TextLine id="region0001_line0021" custom="readingOrder {index:20;}">
        <Coords points="705,1828 698,1832 696,1842 688,1836 680,1836 674,1842 666,1833 657,1834 649,1841 621,1839 615,1832 604,1831 597,1833 590,1840 578,1842 526,1842 519,1841 512,1835 487,1832 483,1835 481,1844 467,1845 409,1843 385,1846 297,1847 289,1838 279,1838 272,1847 261,1848 195,1853 188,1846 179,1846 169,1855 149,1857 150,1898 207,1894 209,1902 222,1906 234,1891 277,1887 555,1883 574,1886 580,1892 589,1892 598,1886 617,1883 712,1882 742,1883 749,1893 763,1893 772,1884 833,1884 852,1891 876,1893 912,1889 944,1891 946,1902 958,1906 971,1905 975,1893 1066,1895 1065,1853 1062,1853 909,1846 894,1830 849,1832 845,1835 844,1842 838,1844 836,1835 830,1831 811,1835 807,1830 797,1828 760,1830 749,1836 744,1844 735,1844 729,1835 721,1834 713,1828"/>
        <Word id="region0001_line0021_word0000" custom="readingOrder {index:0;}">
          <Coords points="290,1839 277,1839 272,1847 261,1848 195,1853 188,1846 179,1846 170,1853 171,1888 272,1887 277,1887 341,1886 341,1846 297,1847"/>
          <TextEquiv conf="0.8692084">
            <Unicode>imperium</Unicode>
          </TextEquiv>
        </Word>
        <Word id="region0001_line0021_word0001" custom="readingOrder {index:1;}">
          <Coords points="513,1836 482,1836 481,1844 467,1845 409,1843 385,1846 363,1846 364,1873 564,1872 563,1842 526,1842 519,1841"/>
          <TextEquiv conf="0.8993554">
            <Unicode>naturaliter</Unicode>
          </TextEquiv>
        </Word>
        <Word id="region0001_line0021_word0002" custom="readingOrder {index:2;}">
          <Coords points="618,1836 594,1836 590,1840 582,1841 583,1880 626,1880 625,1839 621,1839"/>
          <TextEquiv>
            <Unicode>ſit</Unicode>
          </TextEquiv>
        </Word>
        <Word id="region0001_line0021_word0003" custom="readingOrder {index:3;}">
          <Coords points="667,1834 657,1834 657,1834 650,1840 651,1882 844,1881 843,1842 838,1844 836,1835 833,1833 820,1833 811,1835 810,1833 754,1833 749,1836 744,1844 735,1844 729,1835 721,1834 721,1834 698,1834 696,1842 688,1836 680,1836 674,1842"/>
          <TextEquiv conf="0.911112">
            <Unicode>indiuiſibile</Unicode>
          </TextEquiv>
        </Word>
        <Word id="region0001_line0021_word0004" custom="readingOrder {index:4;}">
          <Coords points="895,1832 869,1832 870,1877 928,1877 927,1846 909,1846"/>
          <TextEquiv conf="0.9674389">
            <Unicode>(in</Unicode>
          </TextEquiv>
        </Word>
        <Word id="region0001_line0021_word0005" custom="readingOrder {index:5;}">
          <Coords points="953,1848 954,1884 1057,1884 1056,1852"/>
          <TextEquiv conf="0.9429722">
            <Unicode>partes</Unicode>
          </TextEquiv>
        </Word>
        <TextEquiv>
          <Unicode>imperium naturaliter ſit indiuiſibile (in partes</Unicode>
        </TextEquiv>
      </TextLine>
      <TextLine id="region0001_line0022" custom="readingOrder {index:21;}">
        <Coords points="290,1899 282,1909 251,1914 246,1914 239,1905 229,1905 223,1909 200,1901 150,1902 150,1957 354,1951 358,1959 420,1959 426,1953 426,1939 431,1934 431,1907 426,1902 362,1900 349,1907 307,1910 302,1900"/>
        <Word id="region0001_line0022_word0000" custom="readingOrder {index:0;}">
          <Coords points="216,1906 171,1907 171,1954 266,1953 354,1951 355,1953 392,1953 392,1906 350,1906 349,1907 307,1910 305,1906 284,1906 282,1909 251,1914 246,1914 240,1906 226,1906 223,1909"/>
          <TextEquiv>
            <Unicode>ſubiectiuas).</Unicode>
          </TextEquiv>
        </Word>
        <TextEquiv>
          <Unicode>ſubiectiuas).</Unicode>
        </TextEquiv>
      </TextLine>
      <TextEquiv>
        <Unicode>ſubiectiuas); eſt PERFECTE talis. Vnde mo-
narcha ipſe patrimonialis vel perfecte vel im-
perfecte talis eſt. MONARCHIA non patri-
monialis vocatur VSVFRVCTVARIA, et eius
princeps vſufructuarius dicitur.
Quum ius principis naturaliter ſit perſona-
liſſimum §. 73; omnis monarchia naturaliter
eſt electiua, ergo non hereditaria, multo mi-
nus patrimonialis, quin potius uſufructuaria.
Minime vero omnium monarchia tamquam
perfecte patrimonialis naturaliter cogitari pot-
eſt. Quum enim ad primarium reipublicae fi-
nem pertineat defenſio ſui aduerſus vim ex-
ternam, pacto vnionis ciuilis ſlabilita; diuiſio
autem territorii cum imperio in plures partes,
hinc diuiſio ciuitatis in plures ciuitates parti-
culares et fini huic primario et vnionis pacto
e diametro aduerſetur: populus neutiquam in-
telligitur imperium tranſtuliſſe in aliquem, ni-
ſi ea lege tacita, ne diuidatur, vt adeo omne
imperium naturaliter ſit indiuiſibile (in partes
ſubiectiuas).</Unicode>
      </TextEquiv>
    </TextRegion>
  </Page>
</PcGts>
