2269 2487
396 894 479 963 A

554 892 654 936 ƈtum
673 892 768 946 ſane
790 900 966 944 agerem,
996 900 1083 930 VIR
1114 896 1460 935 CLARISSIME,
1497 884 1525 937 ſi

580 941 788 986 virtutibus
804 953 930 989 TVIS
946 953 1014 982 nec
1032 951 1108 981 non
1126 935 1382 992 ſingularibus
1397 939 1440 979 in
1456 952 1528 978 ar-

581 1012 619 1042 te
625 996 788 1056 ſalutari
801 996 1030 1055 profectibus
1041 995 1275 1039 recentendis
1285 994 1527 1039 immorarer.

581 1052 749 1094 Tantum
758 1049 866 1103 abeſt,
887 1053 919 1104 vt
923 1048 988 1090 hoc
991 1050 1119 1097 TIBI
1119 1035 1262 1100 placeat
1290 1044 1526 1100 inſtitutum,

326 1123 372 1151 vt
381 1112 501 1164 potius
512 1109 736 1156 intimioris,
744 1118 842 1161 quae
858 1105 951 1148 mihi
961 1117 1101 1147 TEcum
1111 1100 1529 1151 intercedit,amicitiae

323 1170 468 1221 legibus
492 1164 730 1207 contrarium
746 1161 897 1205 indices.
954 1162 1118 1214 Cumque
1134 1171 1211 1201 non
1220 1156 1337 1211 ſolum
1355 1156 1528 1199 maxime

326 1226 489 1275 inſignia
504 1231 647 1261 TVAE
664 1219 706 1260 in
723 1221 911 1262 Anatome
916 1215 1114 1270 ſubtiliori
1133 1214 1296 1270 peritiae
1319 1210 1529 1268 ſpecimina

330 1281 507 1336 Collegio,
536 1281 636 1332 quod
660 1279 827 1322 Berolini
855 1277 992 1333 floret,
1024 1275 1247 1317 Anatomico
1282 1273 1527 1327 Chirurgico,

328 1334 472 1387 publice
507 1330 692 1385 dediſti;
696 1340 832 1370 verum
866 1328 985 1369 etiam
1003 1326 1045 1368 in
1065 1322 1313 1368 Examinibus
1335 1323 1515 1374 conſuetis

333 1389 507 1444 Gratioſo
519 1387 754 1431 Medicorum
766 1384 904 1429 Ordini
920 1385 961 1425 in
989 1383 1048 1427 hac
1069 1382 1157 1426 Alma
1176 1382 1270 1426 lulia
1281 1379 1457 1423 Carolina
1464 1389 1530 1433 pe-

331 1445 512 1484 nitiorem
528 1442 689 1482 TVAM
689 1436 936 1481 eruditionem
953 1434 1181 1492 adprobaſti:
1191 1436 1233 1476 in
1250 1446 1376 1476 TVAS
1393 1431 1529 1475 laudes

331 1508 540 1539 excurrere
573 1497 893 1549 ſuperuacaneum
918 1492 1070 1533 omnino
1095 1489 1276 1546 exiſtimo.
1343 1487 1529 1544 Propoſito

330 1558 454 1611 igitur
479 1569 558 1598 meo
576 1553 863 1610 ſatisfacturus,
887 1558 1020 1599 TIBI,
1044 1562 1185 1591 AMICE
1209 1560 1528 1598 INTEGERRIME,

326 1620 492 1663 ſummos
509 1609 647 1663 diuque
668 1607 898 1659 promeritos
916 1603 1074 1648 honores
1089 1601 1320 1652 doƈtorales,
1347 1612 1440 1656 quos
1462 1600 1528 1641 de-

329 1667 439 1720 fenſa
459 1664 620 1720 eleganti
640 1666 854 1717 magnaque
871 1659 1013 1714 ingenii
1030 1659 1179 1711 ἀϰϱιβεία
1197 1667 1362 1700 exarata
1382 1656 1530 1714 Diſſer-

333 1724 479 1763 tatione
503 1730 609 1759 TVA
634 1713 878 1771 inaugurali,
905 1716 951 1755 de
973 1725 1098 1767 aquae
1115 1711 1288 1756 laudibus
1309 1711 1456 1758 nimiis,
1485 1712 1529 1752 in

333 1777 527 1821 medicina
541 1774 728 1832 ſuſpeƈtis,
738 1773 989 1828 conſequeris,
1013 1785 1064 1814 ex
1081 1772 1214 1814 intimo
1229 1772 1352 1813 animi
1377 1769 1529 1826 adfeƈtu

328 1831 521 1887 gratulor.
576 1834 776 1874 Ceterum,
779 1833 826 1878 vt
847 1840 1005 1869 auream
1026 1826 1069 1867 in
1082 1825 1269 1882 poſterum
1286 1824 1436 1881 praxin
1454 1834 1534 1865 me-

330 1891 457 1932 dicam
476 1898 676 1937 exerceas,
695 1884 894 1940 omniaque
911 1897 961 1924 ex
979 1892 1063 1925 voto
1091 1894 1296 1937 numquam
1327 1894 1401 1922 non
1419 1893 1532 1922 TIBI

322 1945 550 2004 ſuccedant,
578 1946 740 2002 ingenue
772 1957 899 1988 voueo.
969 1942 1063 1986 Vale
1091 1940 1167 1990 &,
1189 1940 1290 1995 quod
1300 1938 1420 1993 facis,
1439 1938 1533 1982 mihi

483 2004 596 2060 faue.
652 2005 755 2049 Dab.
780 2003 1007 2057 Helmſtadii
1031 2003 1065 2044 d.
1088 2004 1248 2048 XVIII.
1267 2001 1369 2056 Sept.

784 2062 951 2104 cIↄIↄcc
975 2057 1076 2101 XLV.
