2583 3065
204 766 481 814 CARPZOVIVS
500 766 550 817 p.
564 766 606 808 3.
634 744 757 810 conſt.
772 760 841 805 32.
867 737 958 803 def.
977 754 1044 795 29.
1074 730 1148 781 vbi
1176 732 1311 778 etiam

206 826 314 895 quid
346 828 392 875 in
431 819 597 871 iudicio
633 807 853 865 vniuerſali
889 806 988 854 iuris
1022 798 1101 855 ſit,
1136 795 1311 847 indicat.

207 886 349 958 Quod
368 887 397 939 ſi
417 888 565 952 itaque
587 878 799 935 dominus
823 863 1119 938 ſuperueniens
1147 859 1203 909 de
1219 848 1314 909 fru-

205 967 350 1022 ƈtibus
372 954 609 1013 conſumtis
630 965 755 1020 agere
774 960 867 996 non
888 937 1060 1011 poteſt,
1088 930 1319 989 neceſſario

206 1028 424 1102 ſequitur,
452 1041 532 1075 nec
552 1022 698 1072 bonae
725 1013 830 1068 fidei
855 1007 1132 1081 poſſeſſorem
1159 1002 1321 1061 teneri,

207 1097 308 1153 licet
322 1116 375 1148 ex
389 1090 605 1146 fruƈtibus
632 1081 868 1136 conſumtis
898 1068 1155 1141 locupletior
1176 1065 1316 1118 faƈtus

203 1168 264 1225 ſit.
328 1168 453 1221 Nam
471 1155 626 1233 primo
650 1167 786 1204 textus
815 1160 1006 1200 omnes,
1037 1140 1115 1208 qui
1142 1134 1197 1186 de
1216 1150 1325 1185 con-

206 1238 357 1298 ſumtis
379 1234 597 1290 fruƈtibus
614 1211 884 1293 loquuntur,
910 1211 1159 1284 generaliter
1177 1206 1320 1276 diſpo-

210 1305 352 1367 nunt,
380 1300 712 1351 conſumtorum
728 1285 950 1346 fruƈtuum
968 1277 1153 1329 nomine
1171 1272 1323 1322 bonae

211 1379 313 1438 fidei
340 1372 616 1451 poſſeſſorem
635 1366 754 1420 haud
773 1361 931 1422 teneri,
962 1354 1129 1426 absque
1149 1349 1234 1405 villa
1255 1348 1321 1401 di-

212 1448 472 1514 ſtinƈtione,
490 1455 636 1494 vtrum
656 1433 811 1489 exinde
827 1424 1090 1500 locupletior
1111 1419 1250 1474 faƈtus
1273 1417 1326 1470 ſit

209 1533 294 1570 nec
311 1532 393 1576 ne;
430 1510 556 1579 atqui
578 1505 673 1576 lege
692 1492 784 1556 non
804 1496 1119 1568 diſtinguente,
1140 1512 1220 1543 nec
1245 1505 1316 1542 no-

212 1589 347 1645 ſtrum
362 1587 423 1640 eſt
439 1580 708 1650 diſtinguere.
778 1569 953 1624 Deinde
963 1562 1247 1617 fortisſimum
1259 1571 1324 1605 ar-

213 1650 480 1729 gumentum
495 1642 683 1722 praebet
705 1648 734 1697 l.
757 1639 807 1707 4.
840 1645 880 1705 §.
908 1638 947 1689 2.
968 1634 1042 1709 fin.
1060 1631 1232 1705 regund.
1243 1628 1326 1680 vbi

215 1728 408 1784 PAVLLVS
426 1721 538 1785 clare
538 1714 685 1781 dicit,
707 1709 825 1775 bonae
826 1710 945 1773 fidei
943 1702 1202 1773 poſſeſſorem
1220 1712 1326 1747 LVC-

216 1796 354 1851 CRARI
364 1792 598 1863 fruƈtus,
614 1784 662 1834 ſi
662 1781 745 1832 eos
771 1772 1021 1831 conſumſit.
1093 1768 1220 1817 Nam
1249 1777 1327 1828 per

216 1865 323 1916 haec
347 1855 482 1911 verba
506 1841 743 1906 abſoluitur
759 1845 906 1895 bonae
923 1837 1024 1889 fidei
1044 1832 1249 1905 poſſeſſor
1265 1828 1328 1879 ab

220 1937 347 1984 omni
363 1931 535 1979 aƈtione
552 1919 710 1970 intuitu
725 1904 950 1964 fruƈtuum
970 1896 1347 1966 conſumtorum,

219 1999 318 2060 licet
340 2007 390 2055 iis
415 1991 678 2069 locupletior
692 1985 835 2041 faƈtus
850 1982 932 2045 ſit,
963 1994 1066 2029 cum
1089 1978 1123 2024 is
1149 1990 1246 2024 vere
1265 1971 1330 2021 lu-

222 2078 325 2125 crari
332 2072 549 2129 videatur,
561 2063 638 2131 qui
647 2050 905 2127 locupletior
912 2045 1125 2109 redditur,
1137 2048 1182 2090 &
1192 2053 1334 2090 nemo

224 2144 309 2197 ſine
336 2143 463 2193 lucro
483 2128 736 2205 locupletari
764 2122 852 2177 dici
883 2115 1074 2189 poteſt,
1088 2125 1216 2163 VINN.
1238 2129 1270 2160 c.
1300 2110 1330 2159 l.

224 2219 518 2274 HARPRECHT.
537 2210 604 2255 ad
612 2205 652 2265 §.
655 2202 724 2263 35.
748 2193 789 2261 I.
805 2196 858 2245 de
876 2211 960 2244 rer.
978 2187 1116 2240 diu.n.
1133 2188 1201 2245 67.
1203 2177 1333 2248 ſeqq.

230 2285 305 2347 vbi
326 2283 474 2334 adhuc
497 2276 580 2325 alia
604 2278 860 2340 argumenta
885 2258 1186 2321 inueniuntur,
1213 2262 1334 2318 quae

230 2350 520 2415 transſcribere
540 2342 663 2394 haud
678 2332 860 2390 neceſſe
871 2324 1078 2393 arbitror,
1105 2336 1212 2374 cum
1238 2317 1329 2369 ſen-
