2205 2769
983 441 1017 484 10

973 523 1119 566 animos,
1144 530 1179 558 et
1195 533 1273 559 cum
1289 522 1353 558 vix
1366 523 1444 565 tria,
1464 521 1557 565 quod
1574 521 1682 566 aiunt,
1696 518 1877 559 Steſichori
1893 531 1967 563 per-

977 587 1153 631 ceperint,
1188 596 1208 619 e
1238 586 1434 623 carceribus
1461 585 1662 622 ſcholaſticis
1679 587 1712 621 ſe
1731 583 1911 630 proripere
1932 591 1966 618 et

975 649 1116 679 evolare
1149 643 1295 689 geſtiunt
1329 645 1372 680 ad
1406 641 1574 687 ampliora
1604 642 1815 679 Academiae
1849 641 1993 685 ſpatia.

975 710 1120 746 Miraris
1136 709 1228 744 hunc
1245 708 1440 745 feſtinatum
1458 712 1493 740 et
1508 706 1764 752 praepoſterum
1773 715 1968 750 puerorum

975 769 1011 802 in
1035 765 1267 806 Academiam
1290 763 1486 807 disceſſum,
1527 763 1653 810 quippe
1681 774 1768 810 quos
1793 770 1863 801 tres
1890 771 1969 809 qua-

974 834 1100 861 tuorve
1122 825 1311 862 etiamnum
1338 833 1447 861 annos
1467 823 1609 861 haerere
1635 823 1672 859 in
1692 824 1861 865 ſubſelliis
1877 823 1971 862 ſcho-

973 888 1098 921 laſticis
1128 891 1162 919 et
1183 883 1399 928 ignorantiae
1420 883 1580 920 tenebras
1600 882 1715 922 menti
1737 883 1818 920 ſuae
1847 881 1968 921 offuſas

974 946 1147 983 ſolidioris
1166 944 1344 978 doctrinae
1361 947 1439 981 luce
1455 945 1628 978 discutere
1644 954 1706 985 par
1722 949 1806 978 erat.
1859 943 1969 981 Mira-

974 1009 1021 1042 ris
1054 1008 1236 1048 parentum
1260 1003 1454 1040 ſocordiam
1480 1007 1515 1035 et
1539 1011 1682 1045 pravam
1705 1001 1967 1045 indulgentiam,

978 1069 1069 1109 quod
1094 1064 1255 1108 perverſo
1272 1063 1325 1099 iſti
1346 1069 1380 1099 et
1394 1061 1587 1109 pernicioſo
1605 1063 1756 1100 filiorum
1774 1062 1885 1101 ſtudio
1904 1062 1972 1096 dis-

976 1132 1099 1159 ceſſum
1125 1128 1161 1158 in
1189 1123 1415 1158 Academiam
1434 1130 1504 1156 non
1524 1120 1737 1163 maturandi,
1774 1120 1833 1156 ſed
1849 1118 1970 1157 antici-

972 1194 1096 1231 pandi,
1129 1186 1373 1225 velificandum
1399 1186 1458 1223 ſibi
1474 1182 1820 1233 ſatisfaciendumque
1837 1189 1970 1227 putent.

976 1253 1105 1281 Mirari
1127 1247 1210 1280 noli.
1253 1245 1400 1279 Cauſam
1425 1247 1541 1277 tantae
1568 1241 1796 1285 perverſitatis
1822 1251 1892 1278 non
1911 1239 1969 1280 eſt,

975 1313 1067 1349 quod
1082 1313 1185 1350 longe
1201 1311 1351 1346 repetas.
1401 1306 1530 1343 Vicina
1544 1304 1733 1342 Academia
1747 1302 1811 1339 hac
1830 1312 1968 1346 quoque

975 1373 1072 1401 clade
1116 1355 1240 1402 afflixit
1281 1363 1575 1409 peſſumdeditque
1616 1372 1693 1400 rem
1721 1361 1970 1401 ſcholaſticam.

974 1433 1103 1455 Nonne
1116 1427 1209 1456 enim
1232 1433 1360 1461 pueros
1377 1428 1411 1454 et
1430 1415 1732 1460 adolescentulos,
1762 1420 1904 1461 paulum
1920 1419 1972 1450 ſe-

974 1486 1107 1528 veriori
1123 1486 1202 1517 lege
1220 1483 1257 1508 in
1273 1480 1326 1510 his
1345 1475 1544 1509 ſcholarum
1561 1474 1773 1510 umbraculis
1789 1472 1972 1513 proficien-

974 1551 1044 1572 tes,
1065 1536 1338 1575 quotiescunque
1356 1530 1542 1567 adultiores
1560 1530 1707 1565 iuvenes
1722 1529 1758 1563 in
1777 1526 1971 1574 propinqua

974 1598 1162 1635 Academia
1177 1592 1355 1631 liberrime
1374 1598 1581 1640 evagantes,
1612 1591 1787 1634 ludendo,
1817 1591 1971 1636 equitan-

975 1670 1041 1701 do,
1068 1666 1127 1693 vel
1146 1654 1375 1700 comeſſando,
1402 1666 1446 1691 ne
1470 1653 1552 1701 quid
1571 1654 1703 1700 turpius
1718 1652 1843 1697 dicam,
1869 1651 1969 1700 genio

974 1731 1036 1758 ſuo
1065 1725 1313 1765 obſequentes,
1347 1725 1383 1753 et
1406 1717 1531 1761 nullis,
1567 1717 1627 1753 niſi
1652 1728 1738 1763 quos
1757 1716 1816 1763 ipſi
1832 1713 1973 1755 ſibimet

976 1781 1281 1822 circumdederint,
1288 1780 1457 1819 limitibus
1468 1779 1741 1825 circumſcriptos
1751 1778 1971 1824 conſpiciant,

974 1843 1202 1880 ardentiſſima
1219 1839 1529 1884 prodeambulandi
1548 1840 1583 1874 in
1603 1842 1784 1883 puluerem
1799 1850 1839 1875 ac
1860 1842 1971 1875 ſolem

976 1904 1225 1939 Academicum
1248 1898 1433 1944 cupiditate
1452 1898 1659 1937 inflammari
1678 1899 1840 1943 oportet?
1874 1900 1971 1936 Non-

977 1979 1041 2003 ne,
1072 1968 1152 1997 dum
1170 1961 1330 2006 imperia,
1357 1960 1480 2006 quibus
1498 1965 1628 2005 parent,
1653 1959 1810 1998 adſtricta
1829 1970 1873 1994 ex
1895 1959 1971 1996 illo-

976 2037 1054 2060 rum
1077 2025 1217 2059 licentia
1240 2022 1448 2063 metiuntur,
1479 2022 1689 2057 intolerabili
1712 2022 1877 2058 ſervitute
1899 2022 1971 2056 ſeſe

980 2088 1151 2128 oppreſſos
1186 2084 1261 2126 eſſe,
1294 2089 1328 2121 et
1360 2085 1441 2120 dum
1463 2082 1713 2120 fructuoſiſſima
1740 2082 1971 2126 leniſſimaque

979 2147 1217 2193 magiſtrorum
1250 2145 1431 2190 disciplina
1457 2144 1695 2188 continentur,
1742 2154 1829 2180 onus
1857 2147 1971 2179 Aetna

981 2207 1120 2252 gravius
1146 2205 1193 2250 ſe
1193 2203 1380 2250 ſuſtinere,
1417 2211 1496 2237 cum
1519 2201 1646 2247 gemitu
1674 2210 1709 2240 et
1731 2199 1968 2248 indignatione

1878 2259 1971 2292 voci-
