2178 2586
691 418 735 457 er
746 406 816 462 ſich
837 417 920 458 von
933 409 1027 451 dato
1045 418 1110 456 an.
1129 410 1253 465 dieſes
1272 408 1499 467 ſaͤmtlichen
1510 410 1724 471 gedachten
1738 414 1916 466 Vermoͤ⸗

689 467 791 518 gens
802 468 867 512 als
877 465 1003 516 ſeines
1023 464 1303 523 Eigenthums
1325 467 1394 515 und
1421 472 1562 524 proper
1579 471 1750 525 Guthes
1770 473 1924 527 anneh⸗

692 533 786 572 men
804 524 889 572 und
915 522 1014 578 nach
1038 524 1177 579 eignen
1200 526 1402 579 Belieben
1425 527 1558 577 damit
1578 530 1778 587 gebahren
1790 533 1921 589 moͤge.

694 578 917 632 Gleichwie
936 590 1019 630 nun
1042 581 1098 637 ich
1117 589 1168 631 N.
1190 591 1240 633 N.
1263 584 1362 640 dieſe
1389 583 1554 642 eheliche
1571 586 1925 638 Liebes⸗Conteſta-

688 645 790 691 tion,
804 638 1070 698 Schenckung
1087 641 1172 689 und
1198 640 1386 701 Aufgabe
1401 646 1473 694 des
1489 643 1717 702 ſaͤmtlichen
1735 647 1922 699 Vermoͤ⸗

690 702 792 753 gens
810 699 960 751 meiner
978 701 1226 761 Eheliebſten
1243 702 1513 759 danckbarlich
1529 703 1693 762 hiermit
1710 711 1922 762 acceptire,

690 758 758 806 als
768 757 858 808 will
858 757 918 809 ich
929 757 1026 811 auch
1036 758 1204 814 hiermit
1214 760 1517 822 zuBezeugung
1535 761 1684 811 meiner
1694 763 1922 825 hertzlichen

691 815 968 872 Gegen⸗Liebe
987 820 1139 866 meiner
1159 818 1333 876 Liebſten
1361 825 1447 865 N.N.
1463 822 1522 869 ein
1544 818 1749 879 Drittheil
1761 824 1803 871 in
1821 825 1920 873 mei⸗

688 881 784 916 nem
797 868 1021 923 ſaͤmtlichen
1043 871 1309 925 Vermoͤgen,
1329 880 1374 919 es
1401 875 1504 927 habe
1528 875 1749 931 Nahmen,
1767 882 1846 924 wie
1870 885 1923 926 es

690 928 823 979 wolle,
827 928 1058 985 geſchencket
1077 931 1146 979 und
1167 937 1237 979 vor
1258 933 1288 981 E.
1290 932 1419 990 Hoch
1462 935 1542 982 Edl.
1558 934 1651 989 Rath
1671 935 1929 991 aufgegeben

687 984 845 1038 haben,
866 985 945 1041 daß
955 985 1006 1043 ſie
1028 987 1103 1038 mit
1124 988 1269 1046 ſolchen
1281 993 1344 1040 als
1364 988 1476 1047 ihren
1495 989 1928 1053 wohlhergebrachten

687 1044 961 1105 Eigenthume
980 1046 1248 1106 allenthaſben
1269 1049 1434 1108 ſchalten
1454 1052 1593 1103 wollte
1611 1049 1694 1101 und
1715 1052 1920 1115 gebahren

688 1090 834 1155 moͤge,
853 1102 1022 1152 welches
1045 1102 1101 1154 ich
1128 1109 1167 1146 N.
1195 1110 1233 1147 N.
1239 1103 1359 1158 nebſt
1378 1104 1576 1164 meinem
1582 1107 1694 1159 Hrn.
1720 1115 1918 1152 Curatore

688 1156 957 1209 danckbarlich
977 1157 1184 1213 acceptire,
1218 1156 1290 1208 und
1314 1157 1409 1218 auch
1429 1163 1573 1215 ſolches
1597 1165 1806 1221 Drittheil
1831 1174 1919 1215 von

687 1214 844 1262 meines
869 1213 1116 1273 Eheliebſten
1144 1209 1423 1272 ſaͤmmtlichen
1452 1211 1682 1279 Vermoͤgen
1682 1224 1732 1277 in
1753 1220 1918 1274 caſum,

686 1282 811 1327 wenn
830 1270 887 1333 ich
909 1281 986 1328 vor
1002 1269 1073 1337 ihn
1100 1276 1172 1331 mit
1201 1277 1295 1333 Tode
1313 1278 1417 1341 ohne
1427 1269 1723 1336 Leibes⸗Erben
1735 1279 1920 1344 abgehen

686 1333 808 1389 ſolte,
800 1332 907 1390 ihm
927 1322 1222 1393 hinwiederum
1242 1334 1474 1404 geſchencket
1491 1338 1574 1391 und
1593 1341 1822 1395 vermachet
1839 1340 1923 1401 ha⸗

684 1399 763 1447 ben
777 1399 885 1445 will.
940 1400 1109 1453 Wobey
1129 1391 1225 1454 auch
1256 1403 1277 1450 E.
1281 1401 1522 1460 Hoch⸗Edl.
1566 1397 1763 1470 Hochweiſ.
1789 1421 1912 1463 Rathe

685 1468 734 1508 zu
742 1447 979 1515 Beſſerung
995 1455 1108 1517 Weg
1125 1459 1208 1508 und
1221 1456 1341 1519 Steg
1356 1458 1507 1518 2.ZMk.
1539 1469 1611 1512 von
1629 1467 1711 1512 uns
1722 1465 1919 1521 wohlbe⸗

686 1508 846 1571 daͤchtig
864 1514 1093 1568 vermachet
1108 1516 1284 1568 werden.
1357 1517 1407 1576 Zu
1418 1518 1588 1578 mehrer
1612 1523 1805 1577 Uhrkund
1833 1524 1919 1579 deſ⸗

684 1577 762 1624 ſen
770 1576 817 1625 iſt
829 1577 927 1626 dieſe
936 1576 1141 1630 Auffgabe
1158 1588 1207 1633 zu
1218 1576 1376 1634 Papier
1392 1579 1606 1637 gebracht,
1620 1584 1705 1627 und
1719 1583 1774 1633 E.
1776 1583 1918 1641 Hoch⸗

688 1631 785 1680 Edl.
795 1630 1020 1682 Hochweiſ.
1043 1633 1184 1683 Rathe
1193 1638 1314 1679 unter
1331 1636 1492 1687 unſerer
1508 1633 1819 1693 eigenhaͤndigen
1829 1637 1922 1688 Un⸗

686 1683 897 1740 terſchrifft
923 1686 1161 1741 præſentiret
1192 1687 1276 1738 und
1310 1691 1390 1737 das
1412 1688 1652 1746 Vermoͤgen
1686 1687 1917 1753 bißheriger

686 1742 908 1788 Obſervanz
915 1738 1012 1796 nach
1036 1741 1120 1788 hinc
1138 1742 1216 1789 inde
1237 1745 1398 1793 tradiret
1408 1742 1602 1802 worden.
1618 1741 1768 1805 Zittau
1785 1754 1917 1795 Menſ.

683 1799 780 1853 Apr.
807 1799 928 1843 Anno
955 1808 1058 1853 1721.

683 1917 735 1952 N.
764 1916 813 1948 N.
1549 1929 1599 1972 N.
1607 1931 1661 1974 N.

680 1950 735 2010 N.
758 1967 807 2010 N.
836 1970 968 2009 Curat.
975 1973 1144 2011 nomine
