2165 2813
819 665 855 693 §.
885 665 1015 693 LVII.

400 702 506 747 Hæc
520 713 620 742 vero
642 698 686 742 in
702 696 855 741 ambitu
872 704 1039 738 externo
1059 696 1098 737 &
1121 694 1283 738 interno
1310 706 1366 737 ex
1386 693 1507 736 exha-

292 763 463 808 Iantibus
478 764 517 806 &
533 759 832 805 reſorbentibus
842 758 1025 803 conſtant
1047 756 1157 808 vaſis,
1173 769 1274 811 quæ,
1294 757 1323 797 ſi
1345 756 1422 799 ſint
1443 755 1508 799 ni-

293 822 370 862 mis
379 819 477 867 laxa,
488 814 716 869 conſtringi,
726 814 755 857 ſi
771 815 892 859 nimis
908 813 1050 864 ſtricta,
1076 812 1239 857 relaxari
1253 811 1411 856 debent.

705 869 1056 924 COROLLAR.

401 944 454 995 E.
486 940 586 989 uſus
603 950 732 1003 aquæ
757 933 926 1003 frigidæ
957 937 978 986 &
1012 934 1167 986 calidæ
1181 928 1384 985 maxime
1410 945 1438 982 a
1464 930 1508 986 ſe

299 1020 502 1073 invicem
530 1016 693 1072 differt.

805 1090 839 1112 §.
863 1092 1008 1112 LVIII.

408 1125 607 1178 Operatio
624 1133 735 1177 aquæ
749 1119 902 1184 frigidæ
926 1120 979 1162 ſic
1004 1115 1254 1174 concipitur,
1276 1115 1389 1173 quod
1413 1114 1503 1159 reſi-

296 1185 481 1232 ſtentiam
496 1185 538 1227 in
555 1181 652 1228 vaſis
667 1185 705 1227 &
721 1181 832 1232 fibris
855 1180 1036 1224 minimis
1061 1187 1222 1234 augeat,
1243 1176 1339 1222 hinc
1363 1174 1505 1231 majori

298 1242 419 1298 copia
434 1253 456 1282 a
479 1241 702 1302 peripheria
721 1241 772 1281 ad
785 1251 976 1286 centrum
1002 1238 1184 1290 humores
1212 1228 1507 1298 propelluntur,

297 1298 341 1338 in
366 1297 532 1339 cerebro
554 1284 602 1338 fit
619 1291 747 1347 major
769 1290 936 1336 ſecretio
952 1287 1175 1348 ſpirituum,
1192 1301 1236 1332 in
1250 1292 1375 1333 corde
1400 1291 1506 1331 vires

289 1349 555 1407 duplicantur
569 1345 718 1404 poſtea,
725 1344 792 1388 vel
804 1344 917 1403 quod
923 1358 995 1401 per
1003 1357 1124 1387 venas
1132 1341 1221 1400 plus
1230 1340 1427 1399 ſangvinis
1443 1354 1505 1384 re-

298 1405 471 1456 vehitur,
487 1402 552 1447 vel
576 1403 690 1459 quod
716 1399 944 1445 muſculum
983 1399 1093 1448 hunc
1126 1394 1331 1455 copioſior
1361 1395 1509 1454 liquidi

297 1469 456 1511 nervoſi
473 1469 592 1511 copia
606 1468 748 1511 influit.

818 1530 852 1577 §.
879 1531 985 1573 LIX.

353 1574 475 1631 Aqua
483 1571 605 1630 igitur
616 1568 769 1630 frigida,
780 1564 850 1628 ſive
861 1568 1028 1616 fontana
1036 1567 1114 1615 ſive
1122 1568 1323 1616 fluviatilis
1330 1566 1409 1614 ſive
1418 1564 1504 1618 alia,

300 1632 329 1675 ſi
337 1646 440 1683 pura
440 1631 607 1682 exiſtit,
597 1631 637 1685 in
637 1629 752 1669 omni
757 1625 963 1670 debilitate
971 1624 1171 1675 fibrarum,
1183 1622 1335 1665 levibus
1347 1621 1504 1665 inflam-

299 1688 558 1736 mationibus,
574 1687 615 1727 &
627 1682 843 1736 affectibus,
861 1681 905 1725 in
930 1680 1075 1724 quibus
1095 1679 1303 1723 circulatio
1324 1678 1375 1720 ad
1398 1677 1504 1732 peri-

300 1744 490 1798 pheriam
498 1741 647 1784 fortior
657 1738 711 1783 ad
726 1752 801 1782 cor
814 1743 914 1785 vero
931 1727 1101 1785 debilior
1117 1734 1141 1780 ſ.
1167 1734 1394 1792 langvidior
1417 1733 1504 1783 erit,

298 1801 517 1849 maximam
533 1796 717 1843 abſolvet
734 1789 920 1840 curam.

710 1871 1064 1921 COROLLAR.
1097 1882 1131 1910 I.

407 1925 462 1976 E.
482 1919 728 1972 roboratur
745 1909 917 1985 corpus
932 1915 1067 1981 hujus
1083 1931 1209 1969 aquæ
1228 1916 1322 1977 uſu,
1332 1916 1421 1967 ſive
1431 1916 1500 1965 in-

300 2003 432 2040 terne
449 1988 540 2037 ſive
565 1997 739 2055 externe
766 1982 1031 2054 applicetur,
1050 1976 1171 2047 juſto
1184 1979 1298 2034 loco
1321 1974 1501 2048 ponde-

301 2078 352 2115 re
368 2076 422 2114 ac
439 2060 655 2113 menſura.

704 2144 1056 2184 COROLLAR
1073 2150 1112 2181 2.

435 2201 492 2256 E.
523 2190 705 2251 Affuſio
738 2204 872 2262 aquæ
890 2188 1060 2260 frigidæ
1087 2194 1134 2245 in
1161 2183 1506 2254 hæmorrhagiis
