2389 2895
299 693 498 742 Moraliter
518 681 753 742 neceſſarium
779 684 945 737 denique
962 686 1000 725 id
1023 686 1093 736 eſt,
1122 687 1229 736 quod
1247 694 1314 734 per
1330 690 1506 727 volunta-

299 755 374 779 tem
395 743 547 776 alicuius
565 737 659 777 entis
683 735 924 789 intelligentis
942 736 1023 777 fieri
1043 738 1174 787 debet,
1210 737 1271 775 ſeu
1294 737 1398 774 cuius
1417 751 1506 777 con-

297 797 455 828 trarium
472 797 658 836 repugnat
674 785 762 826 huic
782 784 979 826 voluntati.
1035 787 1165 837 Itaque
1182 785 1345 825 actiones
1364 787 1507 826 liberae

300 848 478 881 dicuntur
497 841 659 879 morales
682 839 721 879 in
738 835 878 891 ſpecie,
898 848 1081 889 quatenus
1097 838 1143 877 ad
1161 852 1243 878 eam
1264 850 1391 875 earum
1416 851 1505 889 qua-

297 898 440 933 litatem
468 891 686 941 reſpicitur,
701 889 741 928 vi
763 887 867 927 cuius
890 887 1044 928 eaedem
1066 892 1123 929 vel
1148 889 1228 929 fieri
1254 889 1414 938 debent,
1446 890 1506 928 vel

302 944 457 987 omitti,
497 943 636 977 intuitu
664 937 868 977 voluntatis
902 936 998 976 entis
1026 936 1221 977 cuiusdam
1252 935 1504 988 intelligentis.

303 997 470 1041 Quoties
486 1001 579 1028 ergo
598 991 815 1037 quaeritur:
842 997 970 1027 vtrum
994 986 1090 1026 actio
1116 986 1300 1039 quaedam
1324 986 1407 1026 fieri
1424 987 1506 1036 poſ-

303 1048 379 1090 ſſit,
409 1053 471 1080 aut
492 1040 647 1089 debeat,
675 1039 786 1079 toties
812 1051 852 1078 ea
874 1049 915 1079 vt
939 1038 1092 1079 moralis
1113 1040 1208 1080 actio
1236 1038 1505 1086 conſideratur,

302 1098 342 1129 in
364 1095 507 1139 primis
526 1101 643 1128 autem
669 1089 823 1129 moralis
847 1089 939 1129 haec
960 1089 1098 1128 dicitur
1120 1087 1397 1137 conſideratio,
1433 1099 1509 1136 qua

303 1144 522 1190 quaerimus
548 1152 678 1178 vtrum
701 1151 768 1187 per
794 1141 1029 1177 voluntatem
1054 1139 1276 1188 legislatoris
1300 1138 1384 1177 fieri
1413 1138 1509 1190 quid

303 1193 415 1242 poſſit
432 1203 495 1230 aut
512 1203 611 1238 non,
639 1190 678 1228 in
696 1202 770 1239 qua
786 1188 903 1238 igitur
921 1189 959 1228 id
977 1189 1084 1243 quod
1104 1193 1247 1229 morale
1269 1189 1429 1229 dicimus
1453 1201 1508 1228 re-

305 1244 463 1277 ferimus
493 1239 540 1276 ad
558 1239 793 1276 voluntatem
814 1233 915 1282 eius,
936 1246 997 1273 cui
1021 1235 1081 1274 ius
1110 1237 1161 1274 eſt
1179 1235 1435 1284 praeſcribere
1467 1237 1508 1277 &

304 1294 530 1335 conſtituere
544 1292 658 1344 leges.

815 1377 849 1416 §.
875 1376 1002 1407 VIII.

456 1428 609 1481 QVID
636 1431 856 1467 BONVM
887 1430 967 1459 ET
1001 1428 1232 1459 MALVM
1258 1429 1362 1459 SIT

708 1471 1098 1506 EXPONITVR.

404 1533 477 1574 Sed
497 1533 590 1585 quid
609 1533 757 1572 bonum
774 1531 836 1581 ſit,
864 1530 958 1582 quid
975 1531 1138 1580 malum,
1155 1529 1359 1582 quaeritur.
1395 1530 1510 1582 Quae

303 1587 472 1635 quaeſtio
490 1585 639 1621 dudum
660 1582 732 1620 fuit
750 1580 824 1619 iam
842 1580 940 1619 inter
957 1590 1100 1620 veteres
1119 1576 1360 1619 controuerſa
1377 1580 1416 1620 &
1432 1591 1509 1619 am-

301 1639 418 1692 bigua,
443 1637 549 1692 ſicuti
564 1637 602 1676 &
620 1635 666 1676 de
684 1648 730 1675 eo
748 1634 864 1674 hodie
882 1633 1070 1682 dubitant,
1080 1644 1208 1674 vtrum
1225 1631 1334 1673 detur
1354 1630 1509 1673 tertium

304 1699 440 1734 genus,
457 1689 565 1734 quod
581 1696 650 1723 nec
672 1687 822 1724 bonum
839 1683 894 1732 ſit,
904 1695 972 1722 nec
993 1685 1167 1727 malum,
1188 1682 1249 1721 ſed
1270 1685 1379 1733 plane
1397 1684 1511 1723 indif-

302 1739 439 1775 ferens.
474 1739 647 1772 Bonum
663 1742 788 1773 autem
806 1733 845 1772 &
862 1732 1005 1769 malum
1026 1731 1092 1772 qui
1114 1730 1161 1771 ſic
1177 1730 1377 1780 definiunt,
1406 1727 1511 1780 quaſi

302 1793 417 1822 rebus
437 1789 543 1828 ipſis,
572 1792 668 1832 quae
693 1785 818 1822 bonae
835 1783 1007 1821 malaeue
1033 1774 1231 1827 dicuntur,
1257 1779 1363 1828 inſit,
1387 1780 1511 1828 iisque

304 1837 408 1881 quaſi
422 1833 643 1883 adhaereat,
669 1833 789 1878 idque
806 1840 932 1866 vnum
951 1839 1100 1866 tantum
1120 1830 1193 1867 eſſe
1208 1833 1247 1867 &
1270 1830 1424 1874 ſimplex
1447 1840 1509 1865 co-

302 1887 424 1918 gitant
440 1884 515 1909 ſine
531 1891 641 1912 omni
663 1876 901 1916 diſtinctione
923 1873 1112 1916 adhibita,
1139 1872 1179 1907 hi
1201 1871 1242 1907 in
1260 1883 1415 1908 morum
1441 1871 1509 1908 do-

302 1934 420 1964 ctrina
437 1930 544 1970 quod
561 1928 751 1958 ſummum
771 1920 837 1967 eſt,
850 1920 890 1957 in
908 1919 1047 1957 virtute
1065 1917 1244 1971 poſitum,
1262 1918 1371 1967 plane
1390 1916 1507 1968 negli-

301 1991 410 2026 gunt.
463 1978 595 2020 Quare
610 1973 702 2007 haec
718 1967 848 2008 omnia
864 1964 1043 2007 videntur
1068 1964 1231 2005 curatius
1256 1963 1327 2006 eſſe
1349 1964 1446 2007 inter
1471 1966 1509 2008 ſe

301 2029 578 2070 diſtinguenda.
631 2025 785 2058 Bonum
811 2027 958 2068 autem,
990 2017 1039 2056 ab
1063 2017 1139 2056 hoc
1161 2016 1264 2057 enim
1288 2015 1508 2059 definiendo

301 2088 547 2117 incipiamus,
571 2078 611 2108 id
630 2075 703 2109 eſſe
719 2072 890 2114 videtur,
917 2065 1026 2115 quod
1041 2065 1220 2104 conuenit
1244 2065 1430 2105 voluntati
1447 2078 1510 2106 en-

304 2137 351 2171 tis
373 2133 571 2181 cuiusdam
592 2125 846 2173 intelligentis.
873 2128 911 2162 a)
953 2121 1115 2162 Quare
1138 2121 1286 2159 bonum
1311 2120 1406 2165 quid
1435 2121 1512 2165 dici

872 2177 1012 2221 C5

1440 2182 1511 2224 per

305 2253 338 2292 a)
358 2248 499 2279 Difficile
513 2230 645 2285 quidem
667 2241 710 2277 eſt
729 2236 881 2286 ſignifica-

347 2305 403 2324 tus
411 2297 584 2319 verborum
602 2293 668 2319 tam
684 2291 743 2320 late
760 2288 881 2321 ſumtos

347 2353 388 2374 ex
404 2342 524 2379 legibus
546 2333 685 2378 probare.
710 2333 773 2370 Nam
781 2332 930 2379 quum

351 2392 504 2422 notiones
522 2380 684 2423 eiusmodi
705 2377 885 2423 abſtractas,

969 2248 1047 2284 quas
1062 2237 1188 2280 dicunt,
1211 2248 1280 2273 non
1304 2238 1508 2276 inueniamus

971 2284 1005 2318 in
1020 2276 1142 2328 legibus
1159 2283 1291 2326 noſtris,
1306 2293 1462 2330 exemplis
1476 2293 1511 2319 id

930 2332 1039 2379 fieri
1055 2331 1156 2370 debet.
1171 2333 1232 2370 Sed
1249 2335 1282 2369 in
1296 2337 1440 2378 quolibet
1453 2345 1509 2372 ex-

971 2377 1086 2424 emplo
1114 2378 1156 2417 de
1186 2380 1375 2418 indiuiduali
1402 2382 1509 2427 ſpecie
