1751 2528
631 381 731 451 677

233 485 288 531 bey
312 487 370 523 den
390 486 584 537 mancherley
600 488 840 536 Controverſien
853 490 902 525 die
918 491 1044 528 Gründe
1064 489 1165 536 beyder

238 530 343 576 Theile
362 536 532 586 anführet,
571 537 651 574 auch
669 539 780 588 prüfet
800 539 867 573 und
877 539 1096 584 unterſuchet,
1114 539 1177 585 ſich

236 589 384 638 übrigens
404 589 561 627 durchaus
578 593 637 627 der
652 589 833 642 bündigſten
848 593 977 638 Beweiſe
994 593 1178 639 befleiſſiget;

244 630 311 667 und
330 640 362 667 in
385 637 634 680 unterſchiedene
659 635 779 677 Theile,
820 637 916 670 denen
943 647 983 668 an
1012 629 1178 684 bequemen

242 697 343 730 Orten
353 695 402 728 die
413 694 557 742 gehörige
566 693 705 743 Regiſter
719 693 898 743 beygefüget
903 696 984 741 ſind,
1001 695 1178 743 abſondert.

237 732 415 793 Frankfurt
435 744 501 778 und
514 745 640 793 Leipzig
662 752 769 790 1723.

291 796 312 840 §
331 806 386 833 75.
415 806 447 839 p.
468 807 549 838 300.
563 787 633 838 not.
643 798 707 823 ***
721 795 985 836 Eruditiſſimum
1003 794 1176 846 ſcriptum,

244 843 337 886 quod
351 850 406 874 hic
421 849 591 882 recenſere
608 846 720 883 omiſi,
735 850 780 877 eſt
801 848 955 882 auctore,
976 850 1067 889 quod
1084 852 1179 883 novi,

210 903 427 943 Perilluſtri
452 917 486 940 ac
495 900 634 943 ſummo
648 907 733 940 Viro
752 919 769 941 a
785 907 1043 946 SENCKENBERG,
1060 905 1178 943 Conſi-

203 945 339 996 liario
354 947 472 999 judicii
491 955 588 993 aulici
609 955 821 996 Germanici,
850 958 1050 992 Hannoveræ
1073 965 1176 1001 1751.

207 1006 434 1055 vulgatum:
451 1008 510 1054 jus
523 1021 558 1043 ac
567 1006 695 1059 poſſeſſio
713 1015 747 1046 in
763 1012 873 1046 Geuua
886 1010 1037 1059 Liguſtica
1050 1014 1177 1058 ejusque

202 1054 412 1097 ditionibus
422 1070 445 1096 a
456 1060 578 1107 primis
589 1056 763 1106 originibus
776 1069 892 1105 usque,
907 1059 972 1094 huc
983 1062 1123 1106 repetita
1141 1072 1178 1095 ac

239 1105 408 1143 vindicata
424 1104 491 1141 fide
511 1106 803 1151 monimentorum
824 1118 895 1143 tum
917 1105 1176 1155 impreſſorum,

239 1164 313 1192 tum
329 1150 559 1194 anecdotorum
583 1150 759 1207 præcipue,
777 1169 923 1205 quorum
938 1159 1111 1195 codicillus
1122 1160 1178 1196 ad-

202 1204 344 1260 jectus
363 1211 418 1250 eſt.
460 1213 592 1249 Additis
607 1204 726 1249 tabulis
741 1214 849 1249 æneis.
883 1213 952 1249 vid.
974 1212 1097 1264 Allgem.
1115 1210 1178 1263 gel.

206 1263 356 1302 Nachr.
366 1266 439 1300 zum
454 1258 573 1300 Hamb.
583 1259 653 1315 unp.
663 1261 806 1314 Correſp.
823 1265 905 1301 illius
919 1268 997 1302 anni
1016 1277 1044 1298 n.
1058 1275 1115 1311 31.

264 1306 370 1362 pag.
391 1306 464 1369 302.
484 1307 586 1355 not.*
601 1320 652 1354 De
672 1316 804 1369 Imperii
804 1317 854 1358 R.
863 1321 899 1353 G.
915 1327 1068 1368 regnante
1075 1318 1176 1368 ſtirpe

232 1359 339 1402 Silica
351 1359 472 1407 habitu,
493 1358 515 1402 &
534 1358 687 1414 præcipue
687 1359 774 1415 erga
798 1366 980 1405 POLONIAM,
991 1365 1176 1401 documen-

224 1407 364 1462 torum
380 1407 570 1462 auctoritate
580 1407 735 1453 diſſeruit
750 1412 798 1450 Cl.
824 1416 866 1449 G.
897 1402 1038 1449 D'ALAND
1056 1414 1096 1448 D.
1113 1425 1175 1461 pu-

205 1459 345 1501 blicus
359 1454 557 1518 Lipſienſis:
589 1462 666 1503 Vid.
682 1457 795 1507 Hamb.
806 1465 955 1515 unparth.
972 1453 1174 1517 Correſpond.

202 1511 348 1564 1752.
364 1529 394 1554 n.
405 1509 467 1571 29.
478 1511 630 1562 Eandem
648 1529 720 1557 rem
737 1517 851 1557 ſedulo
867 1516 1022 1565 evolvit,
1031 1508 1048 1562 &
1071 1519 1174 1557 clien-

205 1563 337 1603 telam
353 1562 501 1603 Poloniæ
526 1560 750 1613 Germanicam
775 1561 806 1604 in
825 1563 917 1615 juſtis
932 1568 1105 1612 terminis,
1130 1568 1172 1605 ab

223 1611 382 1673 imperio
395 1607 649 1672 diſtinguendis,
662 1614 821 1669 probavit
836 1612 978 1664 Illuſtris
993 1620 1174 1671 Solignacus

205 1670 357 1708 eximia
368 1665 408 1708 in
428 1667 500 1709 hiſt.
514 1665 693 1716 Polonica,
720 1666 810 1719 cujus
826 1671 867 1707 ad
896 1673 908 1718 §
922 1681 1005 1719 241.
1029 1674 1171 1709 mentio-

217 1715 314 1752 nem
329 1718 473 1758 faciam,
488 1718 521 1754 ad
536 1714 666 1755 calcem
685 1710 788 1756 Tom.
806 1724 830 1758 I.
852 1722 887 1755 in
902 1721 1091 1758 Recherches
1103 1721 1171 1770 ſur

232 1770 378 1818 quelques
393 1774 499 1821 points
513 1775 704 1813 importans.
712 1784 745 1820 p.
757 1781 839 1825 357.
855 1769 946 1819 ſeqq.

181 1822 279 1881 XV.
293 1824 375 1879 DE
397 1815 702 1896 GERMANIA
720 1827 989 1882 UNIVERSA
1010 1832 1170 1881 ANTI-

196 1903 367 1959 QUA.
407 1895 513 1959 §76.
513 1895 599 1949 77.

283 1952 301 1976 §
316 1943 387 1990 76.
404 1940 508 1991 Quum
525 1944 722 1996 ECCARDVM
741 1941 924 1986 generatim
943 1940 998 1974 hic
1009 1938 1166 1974 laudave-

198 1992 312 2037 rim,
342 1996 415 2032 aliis
439 1991 586 2038 meliora
615 1992 657 2044 de
669 1989 924 2036 Germanorum
947 1997 1081 2041 origine
1103 2010 1167 2036 tra-

226 2041 383 2091 dentem,
407 2042 445 2095 id
461 2044 497 2106 ita
519 2043 727 2099 intellectum
748 2049 813 2087 eſſe
826 2051 938 2101 cupio,
964 2061 1001 2088 ut
1014 2043 1068 2089 illi
1090 2055 1167 2101 qui-

718 2112 803 2148 Uu
803 2112 841 2148 4

1082 2108 1170 2140 dem
