<?xml version='1.0' encoding='utf-8'?>
<PcGts xmlns="http://schema.primaresearch.org/PAGE/gts/pagecontent/2019-07-15" xmlns:xsi="http://www.w3.org/2001/XMLSchema-instance" pcGtsId="PAGE_01" xsi:schemaLocation="http://schema.primaresearch.org/PAGE/gts/pagecontent/2019-07-15 http://schema.primaresearch.org/PAGE/gts/pagecontent/2019-07-15/pagecontent.xsd">
  <Metadata>
    <Creator>OCR-D DFG Phase III</Creator>
    <Created>2024-01-19T13:10:10Z</Created>
    <LastChange>2024-01-19T13:10:10Z</LastChange>
    <Comments>ODEM: OCR-D extension for mass digitization (2021-2024)</Comments>
  </Metadata>
  <Page imageFilename="MAX/urn+nbn+de+gbv+3+1-766166_urn+nbn+de+gbv+3+1-768683-p0257-3_lat.png" imageWidth="1562" imageHeight="2276" type="content" primaryLanguage="Latin">
    <Border>
      <Coords points="63,238 90,2198 1294,2205 1288,242"/>
    </Border>
    <ReadingOrder>
      <OrderedGroup id="ro_1652268619588" caption="Regions reading order">
        <RegionRefIndexed index="0" regionRef="TextRegion_1651135087732_6157"/>
        <RegionRefIndexed index="1" regionRef="TextRegion_1651135087732_6156"/>
        <RegionRefIndexed index="2" regionRef="region0002"/>
        <RegionRefIndexed index="3" regionRef="region0004"/>
      </OrderedGroup>
    </ReadingOrder>
    <TextRegion orientation="1.3173646" readingDirection="left-to-right" id="TextRegion_1651135087732_6157" custom="readingOrder {index:0;}">
      <Coords points="172,431 986,431 986,1293 172,1293"/>
      <TextLine id="region0001_line0001" custom="readingOrder {index:0;}">
        <Coords points="237,432 232,441 172,443 172,483 200,482 204,490 220,491 228,482 317,480 324,489 338,488 344,480 424,480 433,487 452,487 460,480 523,479 595,481 606,483 611,488 622,488 628,483 722,482 728,492 745,490 749,481 843,480 875,484 880,481 929,476 986,474 985,434 926,436 919,432 900,431 896,436 837,436 797,440 691,442 642,441 640,435 634,431 612,432 606,440 548,440 472,438 467,431 451,432 447,439 431,439 426,431 406,432 401,438 265,441 258,439 250,431"/>
        <Word id="region0001_line0001_word0000" custom="readingOrder {index:0;}">
          <Coords points="254,435 235,435 232,441 177,442 178,481 375,476 374,438 265,441 258,439"/>
          <TextEquiv conf="0.90710825">
            <Unicode>equitemque</Unicode>
          </TextEquiv>
        </Word>
        <Word id="region0001_line0001_word0001" custom="readingOrder {index:1;}">
          <Coords points="427,432 405,433 405,433 406,475 528,472 527,439 472,438 467,431 454,432 451,432 447,439 431,439"/>
          <TextEquiv conf="0.9198279">
            <Unicode>ſagittas</Unicode>
          </TextEquiv>
        </Word>
        <Word id="region0001_line0001_word0002" custom="readingOrder {index:2;}">
          <Coords points="555,440 556,470 708,467 707,441 691,442 642,441 640,435 634,431 612,432 606,440"/>
          <TextEquiv conf="0.9240057">
            <Unicode>conjicere</Unicode>
          </TextEquiv>
        </Word>
        <Word id="word_1651135182530_6170" custom="readingOrder {index:3;}">
          <Coords points="731,441 837,436 848,436 877,447 878,462 849,467 732,470"/>
          <TextEquiv>
            <Unicode>poterat,</Unicode>
          </TextEquiv>
        </Word>
        <Word id="region0001_line0001_word0005" custom="readingOrder {index:4;}">
          <Coords points="906,431 906,453 945,452 945,435 926,436 919,432"/>
          <TextEquiv conf="0.96239084">
            <Unicode>ita</Unicode>
          </TextEquiv>
        </Word>
        <TextEquiv>
          <Unicode>equitemque ſagittas conjicere poterat, ita</Unicode>
        </TextEquiv>
      </TextLine>
      <TextLine id="region0001_line0002" custom="readingOrder {index:1;}">
        <Coords points="279,487 269,497 224,498 219,491 203,491 199,498 172,499 172,539 485,536 633,541 776,541 782,547 792,547 799,541 985,533 985,493 902,495 895,485 881,487 876,496 849,497 843,498 835,489 824,490 819,498 813,498 805,489 784,490 777,499 721,499 714,491 702,492 696,500 635,500 579,497 498,497 491,489 478,486 430,488 415,494 367,496 360,487 346,487 336,497 298,497 293,487"/>
        <Word id="region0001_line0002_word0000" custom="readingOrder {index:0;}">
          <Coords points="221,494 200,494 199,498 180,498 181,528 322,525 321,497 298,497 295,492 272,493 269,497 224,498"/>
          <TextEquiv conf="0.89615583">
            <Unicode>adverſus</Unicode>
          </TextEquiv>
        </Word>
        <Word id="region0001_line0002_word0001" custom="readingOrder {index:1;}">
          <Coords points="363,491 341,491 340,492 341,524 422,522 421,491 415,494 367,496"/>
          <TextEquiv conf="0.9084135">
            <Unicode>ſcuta</Unicode>
          </TextEquiv>
        </Word>
        <Word id="region0001_line0002_word0002" custom="readingOrder {index:2;}">
          <Coords points="491,489 451,490 452,522 586,519 585,497 579,497 498,497"/>
          <TextEquiv conf="0.9660958">
            <Unicode>Romana</Unicode>
          </TextEquiv>
        </Word>
        <Word id="region0001_line0002_word0003" custom="readingOrder {index:3;}">
          <Coords points="603,498 604,518 659,517 658,500 635,500"/>
          <TextEquiv conf="0.967483">
            <Unicode>nec</Unicode>
          </TextEquiv>
        </Word>
        <Word id="region0001_line0002_word0004" custom="readingOrder {index:4;}">
          <Coords points="678,500 679,517 715,517 714,491 714,491 702,492 696,500"/>
          <TextEquiv conf="0.9036566">
            <Unicode>ad</Unicode>
          </TextEquiv>
        </Word>
        <Word id="region0001_line0002_word0005" custom="readingOrder {index:5;}">
          <Coords points="739,499 740,524 948,519 947,493 902,495 895,485 881,487 876,496 849,497 843,498 835,489 824,490 819,498 813,498 805,489 784,490 777,499"/>
          <TextEquiv conf="0.91564995">
            <Unicode>trajiciendum</Unicode>
          </TextEquiv>
        </Word>
        <TextEquiv conf="0.9262425">
          <Unicode>adverſus ſcuta Romana nec ad trajiciendum</Unicode>
        </TextEquiv>
      </TextLine>
      <TextLine id="region0001_line0003" custom="readingOrder {index:2;}">
        <Coords points="185,548 178,554 172,554 172,598 301,595 312,596 320,603 336,602 345,595 426,592 498,598 616,600 639,602 644,606 699,599 762,598 768,608 783,608 789,599 866,597 870,604 884,606 892,596 979,593 984,587 986,562 985,544 981,541 904,545 900,549 898,556 855,557 846,548 835,549 830,558 782,559 600,557 593,549 582,550 576,556 566,556 561,555 553,547 542,548 535,555 524,554 516,547 507,547 500,555 466,554 456,544 444,546 440,554 242,556 239,550 233,547 221,549 216,556 208,556 201,547"/>
        <Word id="region0001_line0003_word0000" custom="readingOrder {index:0;}">
          <Coords points="206,554 179,555 180,587 251,585 250,555 242,556 240,553 217,553 216,556 208,556"/>
          <TextEquiv conf="0.9215221">
            <Unicode>ſatis</Unicode>
          </TextEquiv>
        </Word>
        <Word id="region0001_line0003_word0001" custom="readingOrder {index:1;}">
          <Coords points="272,561 408,558 408,589 272,592"/>
          <TextEquiv conf="0.92086035">
            <Unicode>magnam</Unicode>
          </TextEquiv>
        </Word>
        <Word id="region0001_line0003_word0002" custom="readingOrder {index:2;}">
          <Coords points="459,547 443,547 440,554 427,554 428,580 490,579 489,554 466,554"/>
          <TextEquiv conf="0.9327926">
            <Unicode>vim</Unicode>
          </TextEquiv>
        </Word>
        <Word id="word_1651135203995_6177" custom="readingOrder {index:3;}">
          <Coords points="508,547 553,547 593,549 663,557 664,589 647,589 509,586"/>
          <TextEquiv>
            <Unicode>habebat,</Unicode>
          </TextEquiv>
        </Word>
        <Word id="region0001_line0003_word0005" custom="readingOrder {index:4;}">
          <Coords points="679,557 680,580 735,579 734,558"/>
          <TextEquiv conf="0.9329567">
            <Unicode>nec</Unicode>
          </TextEquiv>
        </Word>
        <Word id="region0001_line0003_word0006" custom="readingOrder {index:5;}">
          <Coords points="753,558 754,583 849,580 848,550 846,548 835,549 830,558 782,559"/>
          <TextEquiv conf="0.9071614">
            <Unicode>aperti</Unicode>
          </TextEquiv>
        </Word>
        <Word id="region0001_line0003_word0007" custom="readingOrder {index:6;}">
          <Coords points="865,556 866,580 951,578 950,542 904,545 900,549 898,556"/>
          <TextEquiv conf="0.9046193">
            <Unicode>quid-</Unicode>
          </TextEquiv>
        </Word>
        <TextEquiv>
          <Unicode>ſatis magnam vim habebat, nec aperti quid-</Unicode>
        </TextEquiv>
      </TextLine>
      <TextLine id="region0001_line0004" custom="readingOrder {index:3;}">
        <Coords points="469,605 460,612 353,610 172,615 172,655 183,656 187,662 195,664 205,663 213,655 262,653 331,652 360,655 364,658 399,655 405,662 420,661 426,654 452,654 490,657 497,666 511,665 518,657 705,657 713,658 722,667 736,663 740,657 892,656 986,648 985,616 828,614 822,607 811,607 805,611 800,608 790,608 783,616 708,617 696,616 690,608 681,606 636,607 623,616 520,616 489,614 480,605"/>
        <Word id="region0001_line0004_word0000" custom="readingOrder {index:0;}">
          <Coords points="272,653 271,625 183,627 184,657 184,658 211,657 213,655 262,653"/>
          <TextEquiv conf="0.96415484">
            <Unicode>quam</Unicode>
          </TextEquiv>
        </Word>
        <Word id="region0001_line0004_word0001" custom="readingOrder {index:1;}">
          <Coords points="291,621 375,619 376,649 292,651"/>
          <TextEquiv conf="0.90371585">
            <Unicode>erat,</Unicode>
          </TextEquiv>
        </Word>
        <Word id="region0001_line0004_word0002" custom="readingOrder {index:2;}">
          <Coords points="424,611 398,612 399,653 480,651 479,610 462,610 460,612"/>
          <TextEquiv conf="0.9128649">
            <Unicode>quod</Unicode>
          </TextEquiv>
        </Word>
        <Word id="region0001_line0004_word0003" custom="readingOrder {index:3;}">
          <Coords points="499,619 625,616 626,651 500,654"/>
          <TextEquiv conf="0.9208346">
            <Unicode>peteret.</Unicode>
          </TextEquiv>
        </Word>
        <Word id="region0001_line0004_word0004" custom="readingOrder {index:4;}">
          <Coords points="683,606 668,607 669,651 771,648 770,616 708,617 696,616 690,608"/>
          <TextEquiv conf="0.9095688">
            <Unicode>Itaque</Unicode>
          </TextEquiv>
        </Word>
        <Word id="region0001_line0004_word0005" custom="readingOrder {index:5;}">
          <Coords points="792,608 792,636 821,635 821,607 811,607 805,611 800,608"/>
          <TextEquiv conf="0.9680407">
            <Unicode>id</Unicode>
          </TextEquiv>
        </Word>
        <Word id="region0001_line0004_word0006" custom="readingOrder {index:6;}">
          <Coords points="845,614 845,636 878,635 878,614"/>
          <TextEquiv conf="0.92883545">
            <Unicode>ut</Unicode>
          </TextEquiv>
        </Word>
        <Word id="region0001_line0004_word0007" custom="readingOrder {index:7;}">
          <Coords points="899,614 899,633 952,632 952,615"/>
          <TextEquiv conf="0.91399074">
            <Unicode>va-</Unicode>
          </TextEquiv>
        </Word>
        <TextEquiv conf="0.9277507">
          <Unicode>quam erat, quod peteret. Itaque id ut va-</Unicode>
        </TextEquiv>
      </TextLine>
      <TextLine id="region0001_line0005" custom="readingOrder {index:4;}">
        <Coords points="314,661 302,662 294,669 172,672 172,713 308,711 342,716 348,721 363,721 371,715 398,713 676,715 712,720 762,715 817,714 845,716 853,722 864,722 870,715 883,714 985,711 985,672 937,672 935,665 931,662 885,663 878,665 872,672 815,675 811,666 798,665 790,676 782,676 775,675 773,668 766,663 735,664 727,669 727,677 724,678 714,676 682,675 678,666 667,665 658,665 646,674 541,675 524,665 516,665 506,674 485,675 477,664 465,664 455,673 436,673 343,670 332,668 325,661"/>
        <Word id="region0001_line0005_word0000" custom="readingOrder {index:0;}">
          <Coords points="182,679 256,677 257,700 183,702"/>
          <TextEquiv>
            <Unicode>num</Unicode>
          </TextEquiv>
        </Word>
        <Word id="region0001_line0005_word0001" custom="readingOrder {index:1;}">
          <Coords points="271,669 272,700 326,699 325,667 295,667 294,669"/>
          <TextEquiv conf="0.92984205">
            <Unicode>teli</Unicode>
          </TextEquiv>
        </Word>
        <Word id="region0001_line0005_word0002" custom="readingOrder {index:2;}">
          <Coords points="348,676 441,674 442,707 349,709"/>
          <TextEquiv conf="0.93290657">
            <Unicode>genus</Unicode>
          </TextEquiv>
        </Word>
        <Word id="region0001_line0005_word0003" custom="readingOrder {index:3;}">
          <Coords points="477,664 463,664 460,668 461,698 612,695 611,674 541,675 524,665 516,665 506,674 485,675"/>
          <TextEquiv conf="0.72951263">
            <Unicode>ſenſerunt</Unicode>
          </TextEquiv>
        </Word>
        <Word id="region0001_line0005_word0004" custom="readingOrder {index:4;}">
          <Coords points="633,674 634,699 724,697 723,677 714,676 682,675 678,666 667,665 658,665 646,674"/>
          <TextEquiv conf="0.7547006">
            <Unicode>eſſe,</Unicode>
          </TextEquiv>
        </Word>
        <Word id="region0001_line0005_word0005" custom="readingOrder {index:5;}">
          <Coords points="750,663 753,712 827,710 824,674 815,675 811,666 798,665 790,676 782,676 775,675 773,668 766,663"/>
          <TextEquiv>
            <Unicode>ſaxis</Unicode>
          </TextEquiv>
        </Word>
        <Word id="region0001_line0005_word0006" custom="readingOrder {index:6;}">
          <Coords points="853,672 854,698 955,696 954,672 937,672 935,665 931,662 885,663 878,665 872,672"/>
          <TextEquiv conf="0.9092262">
            <Unicode>paſſim</Unicode>
          </TextEquiv>
        </Word>
        <TextEquiv>
          <Unicode>num teli genus ſenſerunt eſſe, ſaxis paſſim</Unicode>
        </TextEquiv>
      </TextLine>
      <TextLine id="region0001_line0006" custom="readingOrder {index:5;}">
        <Coords points="322,720 305,728 172,729 172,770 337,771 357,773 363,780 373,779 380,772 487,771 867,771 942,776 986,775 985,743 953,742 951,733 944,729 944,724 938,719 877,721 872,723 868,731 821,731 813,722 799,723 791,731 767,729 759,723 748,724 743,730 680,731 674,725 666,721 610,722 605,726 603,732 566,732 560,725 547,723 542,733 514,733 482,732 473,723 463,723 452,732 382,731 379,724 373,720 361,722 357,731 340,730 333,720"/>
        <Word id="region0001_line0006_word0000" custom="readingOrder {index:0;}">
          <Coords points="185,737 252,735 252,760 185,762"/>
          <TextEquiv conf="0.9179451">
            <Unicode>tota</Unicode>
          </TextEquiv>
        </Word>
        <Word id="region0001_line0006_word0001" custom="readingOrder {index:1;}">
          <Coords points="336,725 309,726 305,728 270,728 271,761 351,759 350,730 340,730"/>
          <TextEquiv conf="0.9117848">
            <Unicode>valle</Unicode>
          </TextEquiv>
        </Word>
        <Word id="word_1651135249896_6197" custom="readingOrder {index:2;}">
          <Coords points="365,726 379,725 462,723 473,723 534,734 534,755 508,764 366,768"/>
          <TextEquiv>
            <Unicode>jacentibus</Unicode>
          </TextEquiv>
        </Word>
        <Word id="region0001_line0006_word0004" custom="readingOrder {index:3;}">
          <Coords points="551,723 553,768 735,764 733,730 680,731 674,725 666,721 610,722 605,726 603,732 566,732 560,725"/>
          <TextEquiv>
            <Unicode>inceſſebant</Unicode>
          </TextEquiv>
        </Word>
        <Word id="region0001_line0006_word0005" custom="readingOrder {index:4;}">
          <Coords points="751,723 752,756 876,753 875,721 872,723 868,731 821,731 813,722 799,723 791,731 767,729 759,723"/>
          <TextEquiv conf="0.9218638">
            <Unicode>hoſtem.</Unicode>
          </TextEquiv>
        </Word>
        <Word id="region0001_line0006_word0006" custom="readingOrder {index:5;}">
          <Coords points="897,720 898,752 957,751 956,742 953,742 951,733 944,729 944,724 938,719"/>
          <TextEquiv conf="0.9658306">
            <Unicode>Ea,</Unicode>
          </TextEquiv>
        </Word>
        <TextEquiv>
          <Unicode>tota valle jacentibus inceſſebant hoſtem. Ea,</Unicode>
        </TextEquiv>
      </TextLine>
      <TextLine id="region0001_line0007" custom="readingOrder {index:6;}">
        <Coords points="236,779 229,788 172,789 172,829 221,830 237,838 243,837 250,831 462,829 511,831 523,835 550,831 556,837 571,837 578,829 725,826 837,829 870,836 886,835 890,838 905,837 910,833 929,830 986,826 986,777 926,780 914,788 895,789 868,788 851,782 828,780 794,787 731,787 717,786 711,779 698,779 691,786 534,790 494,790 485,788 478,781 466,781 459,789 440,790 435,782 422,780 410,790 377,790 254,789 249,780"/>
        <Word id="region0001_line0007_word0000" custom="readingOrder {index:0;}">
          <Coords points="250,782 233,782 229,788 186,788 187,826 305,823 304,789 254,789"/>
          <TextEquiv conf="0.9134844">
            <Unicode>majore</Unicode>
          </TextEquiv>
        </Word>
        <Word id="region0001_line0007_word0001" custom="readingOrder {index:1;}">
          <Coords points="325,793 392,791 392,814 325,816"/>
          <TextEquiv conf="0.91827196">
            <Unicode>cum</Unicode>
          </TextEquiv>
        </Word>
        <Word id="region0001_line0007_word0002" custom="readingOrder {index:2;}">
          <Coords points="426,781 421,781 414,787 415,819 535,816 534,790 534,790 494,790 485,788 478,781 466,781 459,789 440,790 435,782"/>
          <TextEquiv conf="0.90007764">
            <Unicode>ſonitu,</Unicode>
          </TextEquiv>
        </Word>
        <Word id="region0001_line0007_word0003" custom="readingOrder {index:3;}">
          <Coords points="550,789 551,818 638,816 637,787"/>
          <TextEquiv conf="0.9203597">
            <Unicode>quam</Unicode>
          </TextEquiv>
        </Word>
        <Word id="region0001_line0007_word0004" custom="readingOrder {index:4;}">
          <Coords points="657,786 657,816 783,813 783,787 731,787 717,786 711,779 698,779 691,786"/>
          <TextEquiv conf="0.90748334">
            <Unicode>vulnere</Unicode>
          </TextEquiv>
        </Word>
        <Word id="region0001_line0007_word0005" custom="readingOrder {index:5;}">
          <Coords points="796,786 797,813 881,811 880,788 868,788 851,782 828,780"/>
          <TextEquiv conf="0.9047016">
            <Unicode>ullo,</Unicode>
          </TextEquiv>
        </Word>
        <Word id="region0001_line0007_word0006" custom="readingOrder {index:6;}">
          <Coords points="893,788 894,812 959,810 958,778 926,780 914,788 895,789"/>
          <TextEquiv conf="0.8808747">
            <Unicode>pul-</Unicode>
          </TextEquiv>
        </Word>
        <TextEquiv conf="0.90646476">
          <Unicode>majore cum ſonitu, quam vulnere ullo, pul-</Unicode>
        </TextEquiv>
      </TextLine>
      <TextLine id="region0001_line0008" custom="readingOrder {index:7;}">
        <Coords points="197,836 185,846 172,846 172,887 280,890 425,886 454,888 464,896 475,895 480,887 527,886 562,886 564,892 570,895 585,894 589,886 622,885 985,886 985,845 900,847 892,847 877,837 833,838 816,845 756,843 749,835 739,835 731,842 669,845 661,835 648,835 640,843 610,845 313,849 306,839 291,839 282,848 266,848 249,847 244,838 236,838 230,839 225,846 217,846 211,837"/>
        <Word id="region0001_line0008_word0000" custom="readingOrder {index:0;}">
          <Coords points="213,839 192,840 186,845 187,874 267,872 266,848 266,848 249,847 244,839 231,839 230,839 225,846 217,846"/>
          <TextEquiv conf="0.90342283">
            <Unicode>ſatio</Unicode>
          </TextEquiv>
        </Word>
        <Word id="region0001_line0008_word0001" custom="readingOrder {index:1;}">
          <Coords points="307,840 289,840 286,843 287,873 441,870 440,847 313,849"/>
          <TextEquiv conf="0.91594017">
            <Unicode>ſcutorum</Unicode>
          </TextEquiv>
        </Word>
        <Word id="region0001_line0008_word0002" custom="readingOrder {index:2;}">
          <Coords points="462,846 463,877 623,874 622,844 610,845"/>
          <TextEquiv conf="0.9250142">
            <Unicode>parumper</Unicode>
          </TextEquiv>
        </Word>
        <Word id="region0001_line0008_word0003" custom="readingOrder {index:3;}">
          <Coords points="643,839 644,874 835,870 834,837 833,838 816,845 756,843 749,835 739,835 731,842 669,845 661,835 648,835"/>
          <TextEquiv conf="0.90717554">
            <Unicode>ſuccedentes</Unicode>
          </TextEquiv>
        </Word>
        <Word id="region0001_line0008_word0004" custom="readingOrder {index:4;}">
          <Coords points="847,837 846,874 958,871 959,845 900,847 892,847 877,837"/>
          <TextEquiv conf="0.91121465">
            <Unicode>Roma-</Unicode>
          </TextEquiv>
        </Word>
        <TextEquiv conf="0.9125535">
          <Unicode>ſatio ſcutorum parumper ſuccedentes Roma-</Unicode>
        </TextEquiv>
      </TextLine>
      <TextLine id="region0001_line0009" custom="readingOrder {index:8;}">
        <Coords points="371,895 363,905 353,897 342,897 336,905 172,904 172,944 357,947 475,944 524,948 528,951 608,944 614,945 621,954 634,953 641,944 673,944 677,945 683,953 697,953 705,944 754,945 760,952 773,951 781,944 813,942 845,944 864,948 885,947 890,951 907,949 911,944 919,943 985,938 986,906 953,903 846,902 836,893 828,893 821,901 776,901 768,892 753,893 746,902 602,904 591,904 584,895 559,895 554,904 533,905 509,904 501,895 489,895 483,904 468,904 459,895"/>
        <Word id="region0001_line0009_word0000" custom="readingOrder {index:0;}">
          <Coords points="189,914 249,912 249,936 189,938"/>
          <TextEquiv conf="0.9261924">
            <Unicode>nos</Unicode>
          </TextEquiv>
        </Word>
        <Word id="region0001_line0009_word0001" custom="readingOrder {index:1;}">
          <Coords points="362,904 271,907 271,937 379,934 379,904 363,904 363,905"/>
          <TextEquiv conf="0.82629895">
            <Unicode>tenuit.</Unicode>
          </TextEquiv>
        </Word>
        <Word id="word_1651135293984_6223" custom="readingOrder {index:2;}">
          <Coords points="398,902 464,900 505,899 545,904 546,944 529,944 399,941"/>
          <TextEquiv>
            <Unicode>Deinde,</Unicode>
          </TextEquiv>
        </Word>
        <Word id="region0001_line0009_word0004" custom="readingOrder {index:3;}">
          <Coords points="585,896 562,897 563,929 602,928 601,904 591,904"/>
          <TextEquiv>
            <Unicode>iis</Unicode>
          </TextEquiv>
        </Word>
        <Word id="region0001_line0009_word0005" custom="readingOrder {index:4;}">
          <Coords points="629,903 614,904 614,938 735,935 735,902"/>
          <TextEquiv conf="0.9123563">
            <Unicode>quoque</Unicode>
          </TextEquiv>
        </Word>
        <Word id="region0001_line0009_word0006" custom="readingOrder {index:5;}">
          <Coords points="750,896 751,934 875,931 874,902 846,902 836,893 828,893 821,901 776,901 768,892 753,893"/>
          <TextEquiv conf="0.9178229">
            <Unicode>ſpretis,</Unicode>
          </TextEquiv>
        </Word>
        <Word id="region0001_line0009_word0007" custom="readingOrder {index:6;}">
          <Coords points="892,902 892,930 959,928 959,903 953,903"/>
          <TextEquiv conf="0.92760605">
            <Unicode>par-</Unicode>
          </TextEquiv>
        </Word>
        <TextEquiv>
          <Unicode>nos tenuit. Deinde, iis quoque ſpretis, par-</Unicode>
        </TextEquiv>
      </TextLine>
      <TextLine id="region0001_line0010" custom="readingOrder {index:9;}">
        <Coords points="206,952 201,957 192,960 172,960 173,1000 230,1000 256,1002 261,1006 310,1001 519,1001 541,1003 557,1007 596,1006 601,1010 615,1010 624,1002 653,1001 662,1004 730,1000 986,999 986,957 914,959 907,950 891,952 887,959 803,961 795,951 780,951 772,959 730,960 725,959 718,951 709,951 700,960 576,963 567,960 530,959 521,952 505,952 494,959 487,952 474,952 465,960 427,962 408,962 400,953 377,952 371,961 352,960 345,953 329,954 322,961 283,962 225,960 217,952"/>
        <Word id="region0001_line0010_word0000" custom="readingOrder {index:0;}">
          <Coords points="224,959 193,960 194,997 273,995 272,961 225,960"/>
          <TextEquiv conf="0.90537107">
            <Unicode>tim,</Unicode>
          </TextEquiv>
        </Word>
        <Word id="region0001_line0010_word0001" custom="readingOrder {index:1;}">
          <Coords points="348,956 325,957 322,961 293,961 293,990 440,987 440,961 427,962 408,962 402,955 374,956 371,961 352,960"/>
          <TextEquiv conf="0.9119691">
            <Unicode>teſtudine</Unicode>
          </TextEquiv>
        </Word>
        <Word id="region0001_line0010_word0002" custom="readingOrder {index:2;}">
          <Coords points="488,953 471,953 469,956 470,991 571,989 570,961 567,960 530,959 522,952 502,953 494,959"/>
          <TextEquiv>
            <Unicode>faƈta,</Unicode>
          </TextEquiv>
        </Word>
        <Word id="region0001_line0010_word0003" custom="readingOrder {index:3;}">
          <Coords points="602,962 603,990 669,989 668,960"/>
          <TextEquiv>
            <Unicode>per</Unicode>
          </TextEquiv>
        </Word>
        <Word id="region0001_line0010_word0004" custom="readingOrder {index:4;}">
          <Coords points="682,960 682,981 823,978 823,960 803,961 795,951 780,951 772,959 730,960 725,959 718,951 709,951 700,960"/>
          <TextEquiv conf="0.9189521">
            <Unicode>adverſos</Unicode>
          </TextEquiv>
        </Word>
        <Word id="region0001_line0010_word0005" custom="readingOrder {index:5;}">
          <Coords points="849,959 849,977 961,974 961,957 914,959 907,950 891,952 887,959"/>
          <TextEquiv conf="0.9123311">
            <Unicode>vadunt</Unicode>
          </TextEquiv>
        </Word>
        <TextEquiv>
          <Unicode>tim, teſtudine faƈta, per adverſos vadunt</Unicode>
        </TextEquiv>
      </TextLine>
      <TextLine id="region0001_line0011" custom="readingOrder {index:10;}">
        <Coords points="195,1006 172,1007 172,1056 302,1054 314,1059 336,1059 346,1063 359,1062 362,1057 396,1055 460,1061 536,1055 718,1057 757,1059 761,1064 770,1066 780,1065 785,1058 886,1058 908,1059 914,1065 925,1065 931,1060 985,1057 986,1046 985,1016 934,1018 927,1008 916,1008 909,1017 886,1018 880,1009 868,1009 861,1018 842,1019 715,1017 708,1016 700,1008 690,1008 683,1015 642,1016 637,1009 624,1008 615,1017 596,1016 588,1008 574,1008 568,1016 521,1016 516,1015 508,1006 500,1007 490,1014 460,1017 426,1015 417,1007 409,1007 396,1016 340,1016 270,1014 254,1004 245,1004 234,1013 213,1010 206,1005"/>
        <Word id="word_1651135319632_6237" custom="readingOrder {index:0;}">
          <Coords points="193,1012 236,1010 263,1009 296,1014 324,1020 325,1040 297,1042 194,1045"/>
          <TextEquiv>
            <Unicode>hoftes:</Unicode>
          </TextEquiv>
        </Word>
        <Word id="region0001_line0011_word0002" custom="readingOrder {index:1;}">
          <Coords points="417,1007 408,1007 396,1016 343,1016 344,1049 469,1046 468,1016 460,1017 426,1015"/>
          <TextEquiv conf="0.92066836">
            <Unicode>partim,</Unicode>
          </TextEquiv>
        </Word>
        <Word id="region0001_line0011_word0003" custom="readingOrder {index:2;}">
          <Coords points="499,1007 500,1039 588,1037 587,1008 574,1008 568,1016 521,1016 516,1015 508,1006 500,1007"/>
          <TextEquiv conf="0.92599225">
            <Unicode>brevi</Unicode>
          </TextEquiv>
        </Word>
        <Word id="region0001_line0011_word0004" custom="readingOrder {index:3;}">
          <Coords points="606,1016 607,1035 738,1032 737,1017 715,1017 708,1016 700,1008 690,1008 683,1015 642,1016 637,1009 624,1008 615,1017"/>
          <TextEquiv conf="0.9214726">
            <Unicode>circuitu</Unicode>
          </TextEquiv>
        </Word>
        <Word id="region0001_line0011_word0005" custom="readingOrder {index:4;}">
          <Coords points="757,1017 758,1040 849,1038 848,1018 842,1019"/>
          <TextEquiv conf="0.9319408">
            <Unicode>quum</Unicode>
          </TextEquiv>
        </Word>
        <Word id="region0001_line0011_word0006" custom="readingOrder {index:5;}">
          <Coords points="869,1009 870,1028 900,1027 899,1017 886,1018 880,1009"/>
          <TextEquiv conf="0.92512155">
            <Unicode>in</Unicode>
          </TextEquiv>
        </Word>
        <Word id="region0001_line0011_word0007" custom="readingOrder {index:6;}">
          <Coords points="917,1008 918,1037 963,1036 962,1016 934,1018 927,1008"/>
          <TextEquiv conf="0.9165495">
            <Unicode>ju-</Unicode>
          </TextEquiv>
        </Word>
        <TextEquiv>
          <Unicode>hoftes: partim, brevi circuitu quum in ju-</Unicode>
        </TextEquiv>
      </TextLine>
      <TextLine id="region0001_line0012" custom="readingOrder {index:11;}">
        <Coords points="330,1062 298,1070 172,1073 173,1124 224,1121 234,1115 245,1112 287,1112 520,1111 567,1116 624,1112 645,1113 654,1120 667,1120 672,1113 683,1111 751,1112 810,1115 818,1122 830,1122 837,1114 986,1113 986,1074 954,1075 946,1065 912,1065 907,1068 902,1064 885,1065 878,1073 845,1074 710,1072 703,1063 687,1066 682,1062 673,1063 665,1071 572,1069 520,1071 519,1063 514,1058 455,1061 443,1069 430,1070 373,1072 364,1063 346,1064"/>
        <Word id="region0001_line0012_word0000" custom="readingOrder {index:0;}">
          <Coords points="197,1080 270,1078 270,1111 197,1113"/>
          <TextEquiv conf="0.91468656">
            <Unicode>gum</Unicode>
          </TextEquiv>
        </Word>
        <Word id="region0001_line0012_word0001" custom="readingOrder {index:1;}">
          <Coords points="368,1067 303,1068 298,1070 290,1070 291,1102 381,1100 380,1071 373,1072"/>
          <TextEquiv conf="0.91360617">
            <Unicode>collis</Unicode>
          </TextEquiv>
        </Word>
        <Word id="region0001_line0012_word0002" custom="readingOrder {index:2;}">
          <Coords points="519,1065 446,1066 443,1069 430,1070 397,1071 398,1105 579,1101 578,1069 572,1069 520,1071"/>
          <TextEquiv conf="0.89489335">
            <Unicode>evaſiſſent,</Unicode>
          </TextEquiv>
        </Word>
        <Word id="region0001_line0012_word0003" custom="readingOrder {index:3;}">
          <Coords points="606,1069 607,1103 742,1100 741,1072 710,1072 703,1063 687,1066 682,1062 673,1063 665,1071"/>
          <TextEquiv conf="0.9152341">
            <Unicode>trepidos</Unicode>
          </TextEquiv>
        </Word>
        <Word id="region0001_line0012_word0004" custom="readingOrder {index:4;}">
          <Coords points="761,1072 762,1090 799,1089 798,1073"/>
          <TextEquiv conf="0.9282736">
            <Unicode>ex</Unicode>
          </TextEquiv>
        </Word>
        <Word id="region0001_line0012_word0005" custom="readingOrder {index:5;}">
          <Coords points="818,1073 819,1099 964,1096 963,1074 954,1075 946,1065 912,1065 907,1068 902,1064 885,1065 878,1073 845,1074"/>
          <TextEquiv conf="0.9012162">
            <Unicode>præſidiis</Unicode>
          </TextEquiv>
        </Word>
        <TextEquiv conf="0.91131836">
          <Unicode>gum collis evaſiſſent, trepidos ex præſidiis</Unicode>
        </TextEquiv>
      </TextLine>
      <TextLine id="region0001_line0013" custom="readingOrder {index:12;}">
        <Coords points="258,1120 250,1128 230,1127 226,1122 173,1125 173,1173 384,1170 392,1181 406,1180 412,1171 479,1169 813,1169 867,1171 895,1177 940,1173 986,1173 986,1130 911,1133 903,1124 871,1121 783,1129 766,1129 760,1121 749,1121 742,1128 687,1129 681,1119 665,1121 662,1128 657,1129 577,1128 570,1119 557,1120 551,1128 546,1129 520,1127 498,1119 453,1120 431,1129 365,1130 343,1129 336,1119 312,1120 307,1124 305,1130 292,1130 275,1130 269,1121"/>
        <Word id="region0001_line0013_word0000" custom="readingOrder {index:0;}">
          <Coords points="247,1128 201,1129 202,1173 337,1171 445,1168 444,1124 431,1129 365,1130 343,1129 341,1126 306,1126 305,1130 292,1130 275,1130 273,1127 250,1128 250,1128"/>
          <TextEquiv conf="0.9101228">
            <Unicode>ſtationibusque</Unicode>
          </TextEquiv>
        </Word>
        <Word id="region0001_line0013_word0001" custom="readingOrder {index:1;}">
          <Coords points="508,1122 462,1124 462,1158 644,1153 644,1128 577,1128 571,1120 555,1121 551,1128 546,1129 520,1127"/>
          <TextEquiv conf="0.9182641">
            <Unicode>Macedonas</Unicode>
          </TextEquiv>
        </Word>
        <Word id="region0001_line0013_word0002" custom="readingOrder {index:2;}">
          <Coords points="662,1128 662,1152 845,1158 844,1133 807,1132 783,1129 766,1129 760,1121 749,1121 742,1128 687,1129 681,1119 665,1121"/>
          <TextEquiv conf="0.9151577">
            <Unicode>deturbant:</Unicode>
          </TextEquiv>
        </Word>
        <Word id="word_1651135356359_6244" custom="readingOrder {index:3;}">
          <Coords points="859,1122 871,1121 879,1121 907,1136 909,1164 881,1160 861,1160"/>
          <TextEquiv>
            <Unicode>&amp;,</Unicode>
          </TextEquiv>
        </Word>
        <Word id="region0001_line0013_word0005" custom="readingOrder {index:4;}">
          <Coords points="930,1132 930,1164 966,1163 966,1130"/>
          <TextEquiv conf="0.95640445">
            <Unicode>ut</Unicode>
          </TextEquiv>
        </Word>
        <TextEquiv>
          <Unicode>ſtationibusque Macedonas deturbant: &amp;, ut</Unicode>
        </TextEquiv>
      </TextLine>
      <TextLine id="region0001_line0014" custom="readingOrder {index:13;}">
        <Coords points="199,1181 191,1191 172,1191 172,1231 381,1231 390,1241 404,1241 410,1232 675,1232 701,1233 710,1241 724,1241 737,1234 783,1242 821,1241 827,1232 893,1232 908,1232 914,1242 930,1242 936,1234 985,1234 986,1222 985,1192 843,1190 835,1181 821,1182 815,1189 771,1191 760,1189 701,1189 699,1184 690,1178 681,1178 672,1188 653,1188 646,1179 608,1182 603,1177 554,1178 536,1181 527,1190 508,1190 493,1190 485,1180 475,1180 467,1188 459,1180 440,1180 434,1183 430,1190 419,1191 378,1190 368,1181 356,1182 351,1190 323,1190 316,1180 306,1180 297,1189 273,1189 265,1181 255,1181 246,1188 219,1190 214,1181"/>
        <Word id="region0001_line0014_word0000" custom="readingOrder {index:0;}">
          <Coords points="219,1189 200,1190 201,1223 235,1222 234,1189 232,1189 219,1190"/>
          <TextEquiv conf="0.9305052">
            <Unicode>in</Unicode>
          </TextEquiv>
        </Word>
        <Word id="region0001_line0014_word0001" custom="readingOrder {index:1;}">
          <Coords points="271,1187 253,1188 254,1222 333,1221 332,1190 323,1190 320,1187 298,1187 297,1189 273,1189"/>
          <TextEquiv conf="0.9156233">
            <Unicode>locis</Unicode>
          </TextEquiv>
        </Word>
        <Word id="region0001_line0014_word0002" custom="readingOrder {index:2;}">
          <Coords points="374,1186 359,1187 360,1231 504,1228 503,1190 493,1190 488,1184 470,1184 467,1188 463,1184 432,1185 430,1190 419,1191 378,1190"/>
          <TextEquiv conf="0.91316867">
            <Unicode>inpeditis</Unicode>
          </TextEquiv>
        </Word>
        <Word id="region0001_line0014_word0003" custom="readingOrder {index:3;}">
          <Coords points="607,1181 534,1183 530,1187 531,1218 648,1215 647,1180 647,1180 627,1181 608,1182"/>
          <TextEquiv>
            <Unicode>difficili</Unicode>
          </TextEquiv>
        </Word>
        <Word id="region0001_line0014_word0004" custom="readingOrder {index:4;}">
          <Coords points="675,1184 676,1223 774,1220 773,1190 771,1191 760,1189 701,1189 699,1184 690,1178 681,1178"/>
          <TextEquiv conf="0.9038182">
            <Unicode>fuga,</Unicode>
          </TextEquiv>
        </Word>
        <Word id="region0001_line0014_word0005" custom="readingOrder {index:5;}">
          <Coords points="802,1189 803,1220 967,1216 966,1191 843,1190 835,1181 821,1182 815,1189"/>
          <TextEquiv conf="0.9063037">
            <Unicode>plerosque</Unicode>
          </TextEquiv>
        </Word>
        <TextEquiv>
          <Unicode>in locis inpeditis difficili fuga, plerosque</Unicode>
        </TextEquiv>
      </TextLine>
      <TextLine id="region0001_line0015" custom="readingOrder {index:14;}">
        <Coords points="232,1240 221,1249 172,1251 172,1289 542,1291 556,1279 556,1252 550,1248 369,1250 356,1249 349,1241 336,1241 330,1250 276,1250 251,1248 244,1240"/>
        <Word id="region0001_line0015_word0000" custom="readingOrder {index:0;}">
          <Coords points="247,1244 225,1245 221,1249 200,1249 201,1278 295,1275 294,1250 276,1250 251,1248"/>
          <TextEquiv conf="0.9076918">
            <Unicode>etiam</Unicode>
          </TextEquiv>
        </Word>
        <Word id="region0001_line0015_word0001" custom="readingOrder {index:1;}">
          <Coords points="351,1243 334,1243 330,1250 318,1250 319,1277 508,1272 507,1248 369,1250 356,1249"/>
          <TextEquiv conf="0.898676">
            <Unicode>obtruncant.</Unicode>
          </TextEquiv>
        </Word>
        <TextEquiv conf="0.9031839">
          <Unicode>etiam obtruncant.</Unicode>
        </TextEquiv>
      </TextLine>
      <TextEquiv>
        <Unicode>equitemque ſagittas conjicere poterat, ita&#13;
adverſus ſcuta Romana nec ad trajiciendum&#13;
ſatis magnam vim habebat, nec aperti quid-&#13;
quam erat, quod peteret. Itaque id ut va-&#13;
num teli genus ſenſerunt eſſe, ſaxis paſſim&#13;
tota valle jacentibus inceſſebant hoſtem. Ea,&#13;
majore cum ſonitu, quam vulnere ullo, pul-&#13;
ſatio ſcutorum parumper ſuccedentes Roma-&#13;
nos tenuit. Deinde, iis quoque ſpretis, par-&#13;
tim, teſtudine faƈta, per adverſos vadunt&#13;
hoftes: partim, brevi circuitu quum in ju-&#13;
gum collis evaſiſſent, trepidos ex præſidiis&#13;
ſtationibusque Macedonas deturbant: &amp;, ut&#13;
in locis inpeditis difficili fuga, plerosque&#13;
etiam obtruncant.</Unicode>
      </TextEquiv>
    </TextRegion>
    <TextRegion orientation="1.3173646" readingDirection="left-to-right" id="TextRegion_1651135087732_6156" custom="readingOrder {index:1;}">
      <Coords points="172,1293 986,1293 986,1927 172,1927"/>
      <TextLine id="region0001_line0016" custom="readingOrder {index:0;}">
        <Coords points="192,1296 188,1301 188,1328 193,1333 194,1343 198,1348 261,1347 267,1357 272,1357 285,1348 418,1350 426,1350 434,1358 451,1358 460,1351 530,1349 797,1352 844,1355 848,1358 880,1355 885,1361 891,1362 904,1358 909,1353 986,1352 985,1312 978,1311 816,1311 810,1311 808,1305 802,1301 792,1301 784,1310 604,1310 594,1300 582,1301 575,1310 520,1308 513,1299 485,1300 475,1308 399,1309 361,1306 345,1298 323,1296"/>
        <Word id="region0001_line0016_word0000" custom="readingOrder {index:0;}">
          <Coords points="245,1303 308,1301 309,1343 246,1345"/>
          <TextEquiv conf="0.8815187">
            <Unicode>XL.</Unicode>
          </TextEquiv>
        </Word>
        <Word id="region0001_line0016_word0001" custom="readingOrder {index:1;}">
          <Coords points="351,1301 326,1302 326,1332 388,1330 388,1308 361,1306"/>
          <TextEquiv>
            <Unicode>ITA</Unicode>
          </TextEquiv>
        </Word>
        <Word id="region0001_line0016_word0002" custom="readingOrder {index:2;}">
          <Coords points="398,1309 399,1340 543,1337 542,1309 520,1308 513,1299 485,1300 475,1308 399,1309"/>
          <TextEquiv conf="0.88597465">
            <Unicode>anguſtiæ</Unicode>
          </TextEquiv>
        </Word>
        <Word id="region0001_line0016_word0003" custom="readingOrder {index:3;}">
          <Coords points="553,1309 555,1341 674,1339 672,1310 604,1310 594,1300 582,1301 575,1310"/>
          <TextEquiv conf="0.9252628">
            <Unicode>minore</Unicode>
          </TextEquiv>
        </Word>
        <Word id="region0001_line0016_word0004" custom="readingOrder {index:4;}">
          <Coords points="681,1310 680,1346 859,1341 859,1311 816,1311 810,1311 808,1305 802,1301 792,1301 784,1310"/>
          <TextEquiv conf="0.9103306">
            <Unicode>certamine,</Unicode>
          </TextEquiv>
        </Word>
        <Word id="region0001_line0016_word0005" custom="readingOrder {index:5;}">
          <Coords points="879,1311 879,1344 969,1342 969,1311"/>
          <TextEquiv conf="0.9671766">
            <Unicode>quam</Unicode>
          </TextEquiv>
        </Word>
        <TextEquiv>
          <Unicode>XL. ITA anguſtiæ minore certamine, quam</Unicode>
        </TextEquiv>
      </TextLine>
      <TextLine id="region0001_line0017" custom="readingOrder {index:1;}">
        <Coords points="282,1352 270,1359 172,1361 173,1398 208,1399 219,1405 231,1404 237,1399 402,1401 412,1409 420,1409 425,1404 431,1411 446,1411 453,1403 466,1402 481,1403 487,1411 504,1411 510,1403 530,1403 622,1405 661,1411 722,1407 731,1415 742,1415 749,1407 816,1407 844,1410 848,1413 886,1409 985,1407 986,1399 985,1368 957,1368 950,1359 939,1360 932,1365 905,1358 891,1363 862,1363 853,1369 724,1368 716,1357 704,1357 694,1365 563,1365 552,1356 538,1356 529,1364 454,1364 403,1362 396,1354 384,1354 378,1362 361,1361 354,1353 342,1353 336,1360 296,1359 291,1353"/>
        <Word id="region0001_line0017_word0000" custom="readingOrder {index:0;}">
          <Coords points="205,1360 206,1397 291,1396 290,1358 271,1358 270,1359"/>
          <TextEquiv conf="0.9317651">
            <Unicode>quod</Unicode>
          </TextEquiv>
        </Word>
        <Word id="region0001_line0017_word0001" custom="readingOrder {index:1;}">
          <Coords points="357,1357 338,1357 336,1360 305,1359 306,1395 419,1393 418,1362 403,1362 398,1356 382,1356 378,1362 361,1361"/>
          <TextEquiv conf="0.9168762">
            <Unicode>animis,</Unicode>
          </TextEquiv>
        </Word>
        <Word id="region0001_line0017_word0002" custom="readingOrder {index:2;}">
          <Coords points="432,1363 429,1400 670,1395 673,1365 563,1365 552,1356 538,1356 529,1364 454,1364"/>
          <TextEquiv conf="0.9201008">
            <Unicode>propoſuerant,</Unicode>
          </TextEquiv>
        </Word>
        <Word id="region0001_line0017_word0003" custom="readingOrder {index:3;}">
          <Coords points="696,1363 698,1401 863,1397 861,1363 853,1369 724,1368 716,1357 704,1357"/>
          <TextEquiv conf="0.8381474">
            <Unicode>ſuperatæ,</Unicode>
          </TextEquiv>
        </Word>
        <Word id="region0001_line0017_word0004" custom="readingOrder {index:4;}">
          <Coords points="891,1363 891,1400 923,1399 923,1363 905,1358 891,1363"/>
          <TextEquiv conf="0.92331624">
            <Unicode>&amp;</Unicode>
          </TextEquiv>
        </Word>
        <Word id="region0001_line0017_word0005" custom="readingOrder {index:5;}">
          <Coords points="941,1359 941,1401 970,1400 971,1368 957,1368 950,1359"/>
          <TextEquiv conf="0.9639337">
            <Unicode>in</Unicode>
          </TextEquiv>
        </Word>
        <TextEquiv conf="0.9156899">
          <Unicode>quod animis, propoſuerant, ſuperatæ, &amp; in</Unicode>
        </TextEquiv>
      </TextLine>
      <TextLine id="region0001_line0018" custom="readingOrder {index:2;}">
        <Coords points="172,1403 172,1455 351,1453 371,1454 374,1459 382,1460 397,1458 399,1453 436,1451 483,1455 533,1455 571,1461 641,1456 669,1459 673,1464 689,1464 696,1458 845,1460 860,1460 867,1468 882,1468 888,1460 985,1460 986,1422 947,1421 939,1413 914,1413 905,1420 874,1422 844,1422 835,1414 824,1414 819,1420 799,1420 790,1413 776,1413 768,1420 695,1420 663,1418 656,1411 640,1412 636,1410 625,1410 618,1417 589,1419 441,1413 300,1413 295,1412 288,1405 277,1405 269,1413 253,1413 251,1406 242,1403 219,1406 210,1402"/>
        <Word id="region0001_line0018_word0000" custom="readingOrder {index:0;}">
          <Coords points="219,1406 207,1406 208,1439 364,1436 363,1413 300,1413 295,1412 288,1405 277,1405 269,1413 253,1413 251,1406 249,1405 221,1406 219,1406"/>
          <TextEquiv conf="0.9154274">
            <Unicode>Eordæam</Unicode>
          </TextEquiv>
        </Word>
        <Word id="region0001_line0018_word0001" custom="readingOrder {index:1;}">
          <Coords points="378,1413 376,1447 582,1442 584,1418 441,1413"/>
          <TextEquiv conf="0.90222764">
            <Unicode>perventum;</Unicode>
          </TextEquiv>
        </Word>
        <Word id="region0001_line0018_word0002" custom="readingOrder {index:2;}">
          <Coords points="605,1417 608,1447 660,1446 657,1412 656,1411 640,1412 636,1410 625,1410 618,1417"/>
          <TextEquiv conf="0.8847398">
            <Unicode>ubi</Unicode>
          </TextEquiv>
        </Word>
        <Word id="region0001_line0018_word0003" custom="readingOrder {index:3;}">
          <Coords points="677,1418 678,1453 854,1449 853,1422 844,1422 835,1414 824,1414 819,1420 799,1420 790,1413 776,1413 768,1420 695,1420"/>
          <TextEquiv conf="0.9209894">
            <Unicode>pervaſtatis</Unicode>
          </TextEquiv>
        </Word>
        <Word id="region0001_line0018_word0004" custom="readingOrder {index:4;}">
          <Coords points="869,1422 871,1452 973,1450 971,1421 947,1421 939,1413 914,1413 905,1420 874,1422"/>
          <TextEquiv conf="0.91928744">
            <Unicode>paſſim</Unicode>
          </TextEquiv>
        </Word>
        <TextEquiv conf="0.90853435">
          <Unicode>Eordæam perventum; ubi pervaſtatis paſſim</Unicode>
        </TextEquiv>
      </TextLine>
      <TextLine id="region0001_line0019" custom="readingOrder {index:3;}">
        <Coords points="328,1461 321,1471 309,1472 279,1472 271,1463 260,1463 254,1471 173,1473 173,1514 219,1514 227,1523 241,1523 254,1513 293,1514 298,1517 307,1517 313,1513 338,1511 514,1508 651,1510 657,1518 671,1517 676,1510 718,1513 859,1512 866,1522 880,1522 888,1514 986,1514 986,1475 854,1474 847,1466 835,1466 828,1473 810,1473 803,1466 791,1466 784,1472 767,1464 722,1465 700,1471 688,1464 675,1465 671,1470 569,1470 566,1464 558,1459 547,1460 539,1468 440,1470 432,1469 429,1463 423,1459 361,1460 354,1462 347,1470 340,1461"/>
        <Word id="region0001_line0019_word0000" custom="readingOrder {index:0;}">
          <Coords points="275,1467 256,1468 254,1471 208,1472 209,1511 308,1509 307,1472 279,1472"/>
          <TextEquiv conf="0.897484">
            <Unicode>agris,</Unicode>
          </TextEquiv>
        </Word>
        <Word id="region0001_line0019_word0001" custom="readingOrder {index:1;}">
          <Coords points="344,1466 330,1467 331,1499 362,1498 361,1466 350,1466 347,1470"/>
          <TextEquiv conf="0.93305826">
            <Unicode>in</Unicode>
          </TextEquiv>
        </Word>
        <Word id="region0001_line0019_word0002" custom="readingOrder {index:2;}">
          <Coords points="430,1465 377,1467 378,1499 523,1495 522,1468 440,1470 432,1469"/>
          <TextEquiv conf="0.93030787">
            <Unicode>Elimeam</Unicode>
          </TextEquiv>
        </Word>
        <Word id="region0001_line0019_word0003" custom="readingOrder {index:3;}">
          <Coords points="561,1461 545,1461 541,1465 542,1494 572,1493 571,1470 569,1470 566,1464"/>
          <TextEquiv conf="0.93231356">
            <Unicode>ſe</Unicode>
          </TextEquiv>
        </Word>
        <Word id="region0001_line0019_word0004" custom="readingOrder {index:4;}">
          <Coords points="588,1470 589,1503 713,1500 712,1467 700,1471 688,1464 675,1465 671,1470"/>
          <TextEquiv conf="0.9069464">
            <Unicode>recepit.</Unicode>
          </TextEquiv>
        </Word>
        <Word id="region0001_line0019_word0005" custom="readingOrder {index:5;}">
          <Coords points="749,1464 752,1504 822,1502 819,1473 810,1473 803,1466 791,1466 784,1472 767,1464"/>
          <TextEquiv conf="0.91554695">
            <Unicode>Inde</Unicode>
          </TextEquiv>
        </Word>
        <Word id="region0001_line0019_word0006" custom="readingOrder {index:6;}">
          <Coords points="836,1474 837,1505 973,1502 972,1482 854,1482 847,1474"/>
          <TextEquiv conf="0.91822374">
            <Unicode>inpetum</Unicode>
          </TextEquiv>
        </Word>
        <TextEquiv conf="0.9191258">
          <Unicode>agris, in Elimeam ſe recepit. Inde inpetum</Unicode>
        </TextEquiv>
      </TextLine>
      <TextLine id="region0001_line0020" custom="readingOrder {index:4;}">
        <Coords points="208,1522 201,1533 172,1532 173,1573 495,1568 520,1569 525,1573 534,1573 540,1569 600,1565 616,1566 623,1575 638,1572 656,1574 662,1566 686,1565 986,1571 986,1523 955,1522 937,1529 821,1527 817,1519 804,1516 756,1517 736,1525 708,1526 700,1525 693,1516 681,1517 677,1520 673,1517 658,1519 654,1525 627,1526 599,1523 578,1517 540,1520 527,1525 513,1526 505,1517 492,1519 487,1527 473,1527 466,1518 453,1518 442,1528 423,1530 383,1529 381,1522 375,1519 366,1519 360,1523 355,1520 327,1520 316,1529 293,1523 266,1521 245,1524 229,1530 222,1522"/>
        <Word id="region0001_line0020_word0000" custom="readingOrder {index:0;}">
          <Coords points="208,1532 243,1532 244,1564 209,1564"/>
          <TextEquiv conf="0.8936721">
            <Unicode>in</Unicode>
          </TextEquiv>
        </Word>
        <Word id="region0001_line0020_word0001" custom="readingOrder {index:1;}">
          <Coords points="314,1529 255,1530 256,1564 425,1560 424,1530 423,1530 383,1529 382,1527 317,1529 316,1529"/>
          <TextEquiv conf="0.9187248">
            <Unicode>Oreſtidem</Unicode>
          </TextEquiv>
        </Word>
        <Word id="region0001_line0020_word0002" custom="readingOrder {index:2;}">
          <Coords points="471,1524 447,1525 448,1565 539,1563 538,1523 531,1523 527,1525 513,1526 510,1523 488,1524 487,1527 473,1527"/>
          <TextEquiv conf="0.8972304">
            <Unicode>fecit;</Unicode>
          </TextEquiv>
        </Word>
        <Word id="region0001_line0020_word0003" custom="readingOrder {index:3;}">
          <Coords points="559,1523 590,1523 591,1554 560,1554"/>
          <TextEquiv conf="0.92647904">
            <Unicode>&amp;</Unicode>
          </TextEquiv>
        </Word>
        <Word id="region0001_line0020_word0004" custom="readingOrder {index:4;}">
          <Coords points="696,1520 656,1520 654,1525 627,1526 603,1523 604,1563 746,1560 745,1521 736,1525 708,1526 700,1525"/>
          <TextEquiv conf="0.9315205">
            <Unicode>oppidum</Unicode>
          </TextEquiv>
        </Word>
        <Word id="region0001_line0020_word0005" custom="readingOrder {index:5;}">
          <Coords points="814,1518 756,1520 757,1551 913,1547 913,1528 821,1527 817,1519"/>
          <TextEquiv conf="0.8993981">
            <Unicode>Celetrum</Unicode>
          </TextEquiv>
        </Word>
        <Word id="region0001_line0020_word0006" custom="readingOrder {index:6;}">
          <Coords points="929,1528 930,1549 975,1548 975,1522 955,1522 937,1529"/>
          <TextEquiv conf="0.9210838">
            <Unicode>eſt</Unicode>
          </TextEquiv>
        </Word>
        <TextEquiv conf="0.912587">
          <Unicode>in Oreſtidem fecit; &amp; oppidum Celetrum eſt</Unicode>
        </TextEquiv>
      </TextLine>
      <TextLine id="region0001_line0021" custom="readingOrder {index:5;}">
        <Coords points="238,1580 230,1589 172,1590 172,1629 233,1629 241,1630 246,1636 253,1637 266,1637 276,1629 342,1629 367,1631 371,1634 443,1627 447,1634 456,1636 466,1634 470,1626 708,1622 960,1627 985,1627 986,1619 985,1587 962,1586 956,1577 943,1578 936,1586 784,1584 777,1572 722,1574 710,1582 656,1583 639,1573 625,1576 620,1581 591,1581 585,1575 571,1576 566,1580 560,1574 546,1575 537,1584 526,1584 521,1576 508,1576 500,1586 418,1588 410,1579 399,1579 392,1588 371,1590 340,1588 336,1581 319,1578 311,1578 299,1588 257,1589 252,1581"/>
        <Word id="region0001_line0021_word0000" custom="readingOrder {index:0;}">
          <Coords points="254,1584 233,1585 230,1589 211,1589 212,1627 383,1623 382,1588 371,1590 340,1588 337,1583 304,1583 299,1588 257,1589"/>
          <TextEquiv conf="0.90673417">
            <Unicode>adgreſſus,</Unicode>
          </TextEquiv>
        </Word>
        <Word id="region0001_line0021_word0001" custom="readingOrder {index:1;}">
          <Coords points="413,1582 400,1583 401,1614 432,1613 431,1587 418,1588"/>
          <TextEquiv conf="0.9328649">
            <Unicode>in</Unicode>
          </TextEquiv>
        </Word>
        <Word id="region0001_line0021_word0002" custom="readingOrder {index:2;}">
          <Coords points="522,1579 505,1579 500,1586 451,1587 452,1623 605,1619 604,1581 591,1581 587,1577 568,1577 566,1580 564,1578 542,1578 537,1584 526,1584"/>
          <TextEquiv conf="0.8926332">
            <Unicode>peninſula</Unicode>
          </TextEquiv>
        </Word>
        <Word id="region0001_line0021_word0003" custom="readingOrder {index:3;}">
          <Coords points="645,1576 624,1576 623,1577 624,1610 718,1608 717,1577 710,1582 656,1583"/>
          <TextEquiv conf="0.9255828">
            <Unicode>ſitum.</Unicode>
          </TextEquiv>
        </Word>
        <Word id="region0001_line0021_word0004" custom="readingOrder {index:4;}">
          <Coords points="778,1574 749,1575 750,1606 845,1604 844,1584 784,1584"/>
          <TextEquiv conf="0.9126508">
            <Unicode>Lacus</Unicode>
          </TextEquiv>
        </Word>
        <Word id="region0001_line0021_word0005" custom="readingOrder {index:5;}">
          <Coords points="862,1585 863,1619 978,1617 977,1586 962,1586 956,1577 943,1578 936,1586"/>
          <TextEquiv conf="0.82024336">
            <Unicode>mœnia</Unicode>
          </TextEquiv>
        </Word>
        <TextEquiv conf="0.89845157">
          <Unicode>adgreſſus, in peninſula ſitum. Lacus mœnia</Unicode>
        </TextEquiv>
      </TextLine>
      <TextLine id="region0001_line0022" custom="readingOrder {index:6;}">
        <Coords points="232,1636 225,1645 173,1648 172,1685 258,1685 268,1693 280,1693 291,1686 362,1686 396,1694 402,1694 408,1688 442,1685 743,1679 986,1684 986,1643 974,1635 964,1635 957,1642 938,1643 899,1642 890,1633 879,1633 873,1640 747,1638 606,1641 594,1641 587,1633 563,1633 556,1642 526,1642 518,1641 510,1634 495,1635 489,1642 464,1644 459,1637 431,1635 421,1645 359,1646 303,1643 294,1635 283,1636 278,1644 251,1645 246,1638"/>
        <Word id="region0001_line0022_word0000" custom="readingOrder {index:0;}">
          <Coords points="247,1640 228,1640 225,1645 214,1645 215,1682 330,1680 329,1644 303,1643 299,1639 280,1639 278,1644 251,1645"/>
          <TextEquiv conf="0.9124492">
            <Unicode>cingit:</Unicode>
          </TextEquiv>
        </Word>
        <Word id="region0001_line0022_word0001" custom="readingOrder {index:1;}">
          <Coords points="459,1637 427,1638 421,1645 359,1646 345,1645 346,1682 473,1679 472,1643 464,1644"/>
          <TextEquiv conf="0.9198256">
            <Unicode>anguſtis</Unicode>
          </TextEquiv>
        </Word>
        <Word id="region0001_line0022_word0002" custom="readingOrder {index:2;}">
          <Coords points="513,1637 493,1637 493,1637 494,1669 634,1666 633,1640 606,1641 594,1641 589,1635 561,1636 556,1642 526,1642 518,1641"/>
          <TextEquiv conf="0.91427016">
            <Unicode>faucibus</Unicode>
          </TextEquiv>
        </Word>
        <Word id="region0001_line0022_word0003" custom="readingOrder {index:3;}">
          <Coords points="650,1641 742,1639 742,1662 650,1664"/>
          <TextEquiv conf="0.92754686">
            <Unicode>unum</Unicode>
          </TextEquiv>
        </Word>
        <Word id="region0001_line0022_word0004" custom="readingOrder {index:4;}">
          <Coords points="757,1640 795,1639 795,1660 757,1661"/>
          <TextEquiv conf="0.9192074">
            <Unicode>ex</Unicode>
          </TextEquiv>
        </Word>
        <Word id="region0001_line0022_word0005" custom="readingOrder {index:5;}">
          <Coords points="808,1638 809,1664 977,1660 976,1636 974,1635 964,1635 957,1642 938,1643 899,1642 890,1633 879,1633 873,1640"/>
          <TextEquiv conf="0.90614164">
            <Unicode>continenti</Unicode>
          </TextEquiv>
        </Word>
        <TextEquiv conf="0.91657346">
          <Unicode>cingit: anguſtis faucibus unum ex continenti</Unicode>
        </TextEquiv>
      </TextLine>
      <TextLine id="region0001_line0023" custom="readingOrder {index:7;}">
        <Coords points="215,1692 208,1702 173,1703 173,1744 286,1738 295,1741 376,1743 552,1741 554,1746 561,1749 574,1749 580,1740 657,1737 703,1743 754,1738 828,1739 849,1741 854,1748 861,1750 871,1748 876,1740 903,1741 940,1744 965,1751 986,1750 986,1705 980,1701 946,1701 939,1693 927,1693 920,1700 837,1701 828,1700 826,1692 822,1689 805,1690 797,1697 785,1697 766,1696 760,1689 748,1689 740,1696 710,1698 701,1697 694,1688 683,1689 676,1697 650,1698 643,1689 629,1689 620,1698 608,1698 601,1689 587,1690 577,1700 566,1700 558,1690 547,1692 541,1700 510,1701 502,1699 494,1691 478,1692 469,1702 420,1703 408,1695 370,1691 310,1692 293,1699 243,1701 234,1699 227,1692"/>
        <Word id="region0001_line0023_word0000" custom="readingOrder {index:0;}">
          <Coords points="241,1700 214,1701 215,1734 278,1733 277,1700 262,1700 243,1701"/>
          <TextEquiv conf="0.95544314">
            <Unicode>iter</Unicode>
          </TextEquiv>
        </Word>
        <Word id="region0001_line0023_word0001" custom="readingOrder {index:1;}">
          <Coords points="286,1702 338,1701 339,1731 287,1732"/>
          <TextEquiv conf="0.9658813">
            <Unicode>eſt.</Unicode>
          </TextEquiv>
        </Word>
        <Word id="region0001_line0023_word0002" custom="readingOrder {index:2;}">
          <Coords points="413,1698 358,1700 359,1732 464,1730 463,1702 420,1703"/>
          <TextEquiv conf="0.96448815">
            <Unicode>Primo</Unicode>
          </TextEquiv>
        </Word>
        <Word id="region0001_line0023_word0003" custom="readingOrder {index:3;}">
          <Coords points="497,1694 475,1694 473,1697 473,1727 531,1726 531,1700 510,1701 502,1699"/>
          <TextEquiv conf="0.918508">
            <Unicode>ſitu</Unicode>
          </TextEquiv>
        </Word>
        <Word id="region0001_line0023_word0004" custom="readingOrder {index:4;}">
          <Coords points="560,1693 549,1694 550,1736 616,1734 615,1698 608,1698 603,1692 584,1692 577,1700 566,1700"/>
          <TextEquiv conf="0.9215976">
            <Unicode>ipſo</Unicode>
          </TextEquiv>
        </Word>
        <Word id="region0001_line0023_word0005" custom="readingOrder {index:5;}">
          <Coords points="644,1691 626,1691 624,1693 625,1729 715,1727 714,1697 710,1698 701,1697 695,1690 681,1690 676,1697 650,1698"/>
          <TextEquiv conf="0.89279056">
            <Unicode>freti,</Unicode>
          </TextEquiv>
        </Word>
        <Word id="region0001_line0023_word0006" custom="readingOrder {index:6;}">
          <Coords points="732,1696 732,1721 837,1719 837,1701 828,1700 826,1692 822,1689 805,1690 797,1697 785,1697 766,1696 760,1689 748,1689 740,1696"/>
          <TextEquiv conf="0.92552185">
            <Unicode>clauſis</Unicode>
          </TextEquiv>
        </Word>
        <Word id="region0001_line0023_word0007" custom="readingOrder {index:7;}">
          <Coords points="858,1700 859,1729 979,1726 978,1701 946,1701 939,1693 927,1693 920,1700"/>
          <TextEquiv conf="0.92674583">
            <Unicode>portis,</Unicode>
          </TextEquiv>
        </Word>
        <TextEquiv conf="0.93387204">
          <Unicode>iter eſt. Primo ſitu ipſo freti, clauſis portis,</Unicode>
        </TextEquiv>
      </TextLine>
      <TextLine id="region0001_line0024" custom="readingOrder {index:8;}">
        <Coords points="278,1739 273,1742 276,1756 274,1759 238,1760 231,1751 218,1751 209,1761 172,1762 172,1802 256,1799 263,1808 277,1806 281,1797 385,1799 643,1796 693,1801 713,1800 720,1806 734,1805 740,1798 748,1797 789,1799 796,1807 810,1807 817,1800 866,1799 911,1804 924,1812 939,1812 947,1806 985,1806 985,1762 928,1762 927,1755 922,1750 892,1751 880,1757 864,1758 791,1755 784,1746 768,1748 761,1755 674,1755 666,1746 654,1747 647,1755 633,1756 628,1748 615,1747 604,1756 597,1747 582,1749 578,1757 479,1759 433,1758 426,1751 415,1751 408,1758 333,1758 326,1749 314,1749 307,1757 297,1757 292,1742"/>
        <Word id="region0001_line0024_word0000" custom="readingOrder {index:0;}">
          <Coords points="217,1751 218,1789 380,1786 379,1758 333,1758 326,1749 314,1749 307,1757 297,1757 292,1742 278,1739 273,1742 276,1756 274,1759 238,1760 231,1751 218,1751"/>
          <TextEquiv>
            <Unicode>imperium</Unicode>
          </TextEquiv>
        </Word>
        <Word id="word_1651135566061_6276" custom="readingOrder {index:1;}">
          <Coords points="415,1761 426,1761 557,1767 558,1781 550,1782 531,1784 400,1787 399,1768"/>
          <TextEquiv>
            <Unicode>abnuere:</Unicode>
          </TextEquiv>
        </Word>
        <Word id="word_1651135576697_6282" custom="readingOrder {index:2;}">
          <Coords points="582,1757 597,1755 666,1754 713,1763 714,1791 696,1791 579,1784 578,1764"/>
          <TextEquiv>
            <Unicode>deinde,</Unicode>
          </TextEquiv>
        </Word>
        <Word id="region0001_line0024_word0005" custom="readingOrder {index:3;}">
          <Coords points="721,1755 722,1794 878,1790 877,1757 864,1758 791,1755 784,1746 768,1748 761,1755"/>
          <TextEquiv conf="0.9209477">
            <Unicode>poſtquam</Unicode>
          </TextEquiv>
        </Word>
        <Word id="region0001_line0024_word0006" custom="readingOrder {index:4;}">
          <Coords points="899,1750 900,1793 981,1791 980,1762 928,1762 927,1755 922,1750"/>
          <TextEquiv conf="0.92493296">
            <Unicode>ſigna</Unicode>
          </TextEquiv>
        </Word>
        <TextEquiv>
          <Unicode>imperium abnuere: deinde, poſtquam ſigna</Unicode>
        </TextEquiv>
      </TextLine>
      <TextLine id="region0001_line0025" custom="readingOrder {index:9;}">
        <Coords points="284,1807 278,1811 276,1817 249,1818 242,1809 227,1809 218,1818 173,1819 173,1862 280,1858 313,1862 318,1858 389,1854 642,1855 715,1856 720,1857 724,1865 730,1866 742,1864 747,1856 824,1860 847,1863 851,1866 883,1863 920,1866 986,1864 986,1830 982,1829 982,1821 975,1815 961,1815 952,1824 945,1814 931,1814 922,1820 916,1812 904,1813 896,1821 889,1821 716,1813 709,1805 697,1805 691,1813 671,1814 661,1806 650,1804 637,1805 630,1813 571,1814 568,1808 560,1803 550,1804 539,1814 492,1815 486,1808 474,1805 464,1806 455,1815 442,1814 437,1813 429,1805 415,1806 406,1814 301,1816 296,1808"/>
        <Word id="region0001_line0025_word0000" custom="readingOrder {index:0;}">
          <Coords points="247,1815 220,1816 218,1818 217,1818 218,1855 313,1853 312,1816 301,1816 300,1814 277,1815 276,1817 249,1818"/>
          <TextEquiv>
            <Unicode>ferri,</Unicode>
          </TextEquiv>
        </Word>
        <Word id="region0001_line0025_word0001" custom="readingOrder {index:1;}">
          <Coords points="328,1825 363,1824 363,1846 328,1847"/>
          <TextEquiv conf="0.9319043">
            <Unicode>ac</Unicode>
          </TextEquiv>
        </Word>
        <Word id="region0001_line0025_word0002" custom="readingOrder {index:2;}">
          <Coords points="436,1812 407,1813 406,1814 377,1815 378,1847 525,1843 524,1814 492,1815 489,1811 458,1812 455,1815 442,1814 437,1813"/>
          <TextEquiv conf="0.9273211">
            <Unicode>teſtudine</Unicode>
          </TextEquiv>
        </Word>
        <Word id="region0001_line0025_word0003" custom="readingOrder {index:3;}">
          <Coords points="568,1808 544,1808 543,1810 544,1842 662,1839 661,1806 635,1806 630,1813 571,1814"/>
          <TextEquiv conf="0.91774935">
            <Unicode>ſuccedi</Unicode>
          </TextEquiv>
        </Word>
        <Word id="region0001_line0025_word0004" custom="readingOrder {index:4;}">
          <Coords points="709,1805 696,1805 691,1813 673,1813 674,1838 710,1837"/>
          <TextEquiv conf="0.93298715">
            <Unicode>ad</Unicode>
          </TextEquiv>
        </Word>
        <Word id="region0001_line0025_word0005" custom="readingOrder {index:5;}">
          <Coords points="728,1813 729,1848 862,1845 861,1819"/>
          <TextEquiv conf="0.9192366">
            <Unicode>portam,</Unicode>
          </TextEquiv>
        </Word>
        <Word id="region0001_line0025_word0006" custom="readingOrder {index:6;}">
          <Coords points="883,1820 882,1859 980,1857 981,1820 975,1815 961,1815 952,1824 945,1814 931,1814 922,1820 916,1812 904,1813 896,1821 889,1821"/>
          <TextEquiv conf="0.8016006">
            <Unicode>obſeſ-</Unicode>
          </TextEquiv>
        </Word>
        <TextEquiv>
          <Unicode>ferri, ac teſtudine ſuccedi ad portam, obſeſ-</Unicode>
        </TextEquiv>
      </TextLine>
      <TextLine id="region0001_line0026" custom="readingOrder {index:10;}">
        <Coords points="374,1865 362,1874 276,1879 250,1880 245,1871 230,1870 208,1889 173,1889 173,1925 245,1926 249,1923 271,1922 273,1927 298,1926 301,1920 476,1916 523,1925 543,1925 573,1917 610,1916 775,1920 818,1925 896,1927 986,1926 986,1883 875,1882 873,1874 866,1870 852,1874 847,1871 836,1871 829,1879 825,1879 744,1875 739,1874 735,1866 719,1865 703,1866 695,1874 673,1874 666,1865 654,1866 647,1872 591,1874 583,1865 571,1866 566,1874 400,1875 391,1874 382,1865"/>
        <Word id="region0001_line0026_word0000" custom="readingOrder {index:0;}">
          <Coords points="246,1874 224,1874 218,1880 219,1920 332,1918 331,1875 276,1879 250,1880"/>
          <TextEquiv>
            <Unicode>ſasque</Unicode>
          </TextEquiv>
        </Word>
        <Word id="region0001_line0026_word0001" custom="readingOrder {index:1;}">
          <Coords points="386,1869 367,1869 365,1871 366,1908 471,1906 470,1874 400,1875 391,1874"/>
          <TextEquiv conf="0.8986832">
            <Unicode>fauces</Unicode>
          </TextEquiv>
        </Word>
        <Word id="region0001_line0026_word0002" custom="readingOrder {index:2;}">
          <Coords points="585,1867 569,1868 566,1874 506,1874 507,1912 625,1909 624,1872 591,1874"/>
          <TextEquiv conf="0.8959893">
            <Unicode>agmine</Unicode>
          </TextEquiv>
        </Word>
        <Word id="region0001_line0026_word0003" custom="readingOrder {index:3;}">
          <Coords points="666,1865 655,1866 656,1903 786,1900 785,1877 744,1875 739,1874 735,1866 719,1865 703,1866 695,1874 673,1874"/>
          <TextEquiv conf="0.91679513">
            <Unicode>hoſtium</Unicode>
          </TextEquiv>
        </Word>
        <Word id="region0001_line0026_word0004" custom="readingOrder {index:4;}">
          <Coords points="817,1878 818,1919 958,1915 957,1882 875,1882 873,1874 866,1870 852,1874 847,1871 836,1871 829,1879 825,1879"/>
          <TextEquiv conf="0.91768694">
            <Unicode>viderunt</Unicode>
          </TextEquiv>
        </Word>
        <TextEquiv>
          <Unicode>ſasque fauces agmine hoſtium viderunt</Unicode>
        </TextEquiv>
      </TextLine>
      <TextEquiv>
        <Unicode>XL. ITA anguſtiæ minore certamine, quam&#13;
quod animis, propoſuerant, ſuperatæ, &amp; in&#13;
Eordæam perventum; ubi pervaſtatis paſſim&#13;
agris, in Elimeam ſe recepit. Inde inpetum&#13;
in Oreſtidem fecit; &amp; oppidum Celetrum eſt&#13;
adgreſſus, in peninſula ſitum. Lacus mœnia&#13;
cingit: anguſtis faucibus unum ex continenti&#13;
iter eſt. Primo ſitu ipſo freti, clauſis portis,&#13;
imperium abnuere: deinde, poſtquam ſigna&#13;
ferri, ac teſtudine ſuccedi ad portam, obſeſ-&#13;
ſasque fauces agmine hoſtium viderunt</Unicode>
      </TextEquiv>
    </TextRegion>
    <TextRegion orientation="1.3173646" type="marginalia" readingDirection="left-to-right" id="region0002" custom="readingOrder {index:2;} structure {type:marginalia;}">
      <Coords points="964,429 1121,429 1121,505 964,505"/>
      <TextLine id="region0002_line0001" custom="readingOrder {index:0;}">
        <Coords points="964,430 964,468 1043,466 1050,474 1120,474 1120,434 1034,437 1024,437 1023,430"/>
        <Word id="region0002_line0001_word0000" custom="readingOrder {index:0;}">
          <Coords points="970,440 1000,439 1001,465 970,466"/>
          <TextEquiv>
            <Unicode>U.</Unicode>
          </TextEquiv>
        </Word>
        <Word id="region0002_line0001_word0001" custom="readingOrder {index:1;}">
          <Coords points="1020,448 1041,447 1041,464 1020,465"/>
          <TextEquiv conf="0.42683032">
            <Unicode>c.</Unicode>
          </TextEquiv>
        </Word>
        <Word id="region0002_line0001_word0002" custom="readingOrder {index:2;}">
          <Coords points="1057,445 1116,444 1116,468 1057,469"/>
          <TextEquiv>
            <Unicode>556.</Unicode>
          </TextEquiv>
        </Word>
        <TextEquiv>
          <Unicode>U. c. 556.</Unicode>
        </TextEquiv>
      </TextLine>
      <TextLine id="region0002_line0002" custom="readingOrder {index:1;}">
        <Coords points="996,467 964,470 965,502 1121,504 1120,480 1115,476 1085,473 1050,475 1043,467"/>
        <Word id="region0002_line0002_word0000" custom="readingOrder {index:0;}">
          <Coords points="968,479 993,478 994,494 969,495"/>
          <TextEquiv>
            <Unicode>a.</Unicode>
          </TextEquiv>
        </Word>
        <Word id="region0002_line0002_word0001" custom="readingOrder {index:1;}">
          <Coords points="1007,472 1032,471 1033,493 1008,494"/>
          <TextEquiv conf="0.7836339">
            <Unicode>C.</Unicode>
          </TextEquiv>
        </Word>
        <Word id="region0002_line0002_word0002" custom="readingOrder {index:2;}">
          <Coords points="1052,478 1115,477 1116,495 1053,496"/>
          <TextEquiv>
            <Unicode>200.</Unicode>
          </TextEquiv>
        </Word>
        <TextEquiv>
          <Unicode>a. C. 200.</Unicode>
        </TextEquiv>
      </TextLine>
      <TextEquiv>
        <Unicode>U. c. 556.&#13;
a. C. 200.</Unicode>
      </TextEquiv>
    </TextRegion>
    <TextRegion orientation="1.3173646" type="marginalia" readingDirection="left-to-right" id="region0004" custom="readingOrder {index:3;} structure {type:marginalia;}">
      <Coords points="978,893 1128,893 1128,1042 978,1042"/>
      <TextLine id="region0004_line0001" custom="readingOrder {index:0;}">
        <Coords points="978,894 978,933 1088,932 1127,928 1127,901 1123,900 1105,897 1043,898 1042,894 1027,893"/>
        <Word id="region0004_line0001_word0000" custom="readingOrder {index:0;}">
          <Coords points="998,901 1111,898 1111,923 998,926"/>
          <TextEquiv conf="0.90663284">
            <Unicode>Perrum-</Unicode>
          </TextEquiv>
        </Word>
        <TextEquiv conf="0.90663284">
          <Unicode>Perrum-</Unicode>
        </TextEquiv>
      </TextLine>
      <TextLine id="region0004_line0002" custom="readingOrder {index:1;}">
        <Coords points="987,935 982,940 982,958 988,962 1020,963 1026,967 1033,964 1039,968 1082,968 1117,967 1127,961 1128,935 1124,932"/>
        <Word id="region0004_line0002_word0000" custom="readingOrder {index:0;}">
          <Coords points="1034,964 1088,963 1088,941 1025,943 1025,965 1031,964 1033,964"/>
          <TextEquiv conf="0.8195">
            <Unicode>punt</Unicode>
          </TextEquiv>
        </Word>
        <TextEquiv conf="0.8195">
          <Unicode>punt</Unicode>
        </TextEquiv>
      </TextLine>
      <TextLine id="region0004_line0003" custom="readingOrder {index:2;}">
        <Coords points="978,959 978,1004 1053,1000 1062,997 1085,1001 1127,1000 1127,968 1039,969 1033,965 1026,968 1020,964 988,963"/>
        <Word id="region0004_line0003_word0000" custom="readingOrder {index:0;}">
          <Coords points="1020,964 1000,965 1001,990 1111,987 1110,968 1039,969 1033,965 1026,968"/>
          <TextEquiv>
            <Unicode>Romani</Unicode>
          </TextEquiv>
        </Word>
        <TextEquiv>
          <Unicode>Romani</Unicode>
        </TextEquiv>
      </TextLine>
      <TextLine id="region0004_line0004" custom="readingOrder {index:3;}">
        <Coords points="1062,998 1053,1001 978,1005 979,1036 997,1036 999,1042 1057,1041 1068,1037 1093,1036 1101,1037 1104,1041 1128,1041 1127,1001 1087,1003"/>
        <Word id="region0004_line0004_word0000" custom="readingOrder {index:0;}">
          <Coords points="1102,1038 1123,1038 1122,1003 983,1006 983,1036 997,1036 998,1040 1061,1039 1068,1037 1093,1036 1101,1037"/>
          <TextEquiv>
            <Unicode>anguſtias.</Unicode>
          </TextEquiv>
        </Word>
        <TextEquiv>
          <Unicode>anguſtias.</Unicode>
        </TextEquiv>
      </TextLine>
      <TextEquiv>
        <Unicode>Perrum-&#13;
punt&#13;
Romani&#13;
anguſtias.</Unicode>
      </TextEquiv>
    </TextRegion>
  </Page>
</PcGts>
