2709 3033
222 636 346 678 mento
352 634 509 691 privato
519 639 736 691 conciliet,
761 632 856 668 inde
879 639 1015 664 tamen
1030 615 1199 662 minime
1208 615 1408 671 colligen-

226 678 311 731 dum
323 673 403 740 eſt,
433 692 712 744 teſtamentum
729 688 934 720 validitate
948 682 1014 714 ſua
1033 678 1211 718 deſtitui,
1226 674 1256 708 ſi
1265 673 1403 704 debito

228 751 341 799 modo
363 751 552 812 publicari
572 762 769 805 nequeat,
808 747 923 801 quod
953 743 1087 786 forſan
1118 739 1236 783 teſtes
1265 741 1410 777 omnes

227 815 363 861 mortui
379 814 473 867 ſint,
495 813 514 856 &
542 814 596 853 ita
612 808 841 865 recognitio
866 802 1089 860 ſigillorum
1107 800 1145 843 &
1161 791 1413 854 ſubſcriptio-

229 862 282 907 nis
295 863 375 910 fieri
389 877 570 923 nequeat.
622 869 807 905 Tamdiu
834 876 913 913 pro
952 858 1186 908 integritate
1201 851 1414 890 teſtamen-

230 915 256 959 ti
276 925 585 976 præſumendum,
624 930 758 958 donec
774 924 981 955 evidenter
999 914 1246 950 contrarium
1266 906 1416 957 probe-

231 985 304 1033 tur,
341 985 360 1028 &
372 996 568 1042 nusquam
582 990 626 1022 in
636 988 721 1032 jure
735 983 875 1021 noſtro
893 976 1058 1017 cautum
1075 966 1330 1026 legimus,
1283 966 1325 1024 ob
1347 963 1419 1006 de-

232 1033 369 1085 fectum
393 1049 642 1092 publicationis
678 1045 963 1075 teſtamentum
993 1036 1154 1067 irritum
1190 1026 1333 1069 reddi,
1377 1019 1420 1059 id

234 1102 337 1156 quod
362 1112 524 1162 quoque
551 1105 681 1146 hodie
708 1104 751 1140 in
773 1100 908 1151 praxi
919 1097 1155 1141 ſequimur,
1181 1088 1265 1134 vid.
1289 1086 1423 1128 Struv.

236 1175 347 1219 ex.
304 1167 350 1222 34.
362 1170 409 1212 th.
424 1183 484 1220 42.
499 1171 536 1210 in
540 1169 579 1224 f.
634 1165 776 1223 Atque
791 1162 847 1206 ita
861 1146 993 1217 Menſ.
1011 1151 1142 1214 April.
1152 1166 1244 1208 1705.
1259 1148 1425 1206 reſpon-

235 1210 353 1265 dimus
363 1237 371 1262 :

324 1277 449 1327 Wann
465 1278 567 1333 gieich
582 1263 798 1328 eingewandt
818 1275 954 1317 werden
977 1266 1125 1322 moͤchte,
1142 1264 1210 1317 daß
1227 1263 1278 1307 die
1293 1260 1424 1316 meiſten

237 1312 377 1375 Zeugen,
392 1336 424 1373 ſo
445 1336 527 1376 ſolch
544 1336 745 1371 Teſtament
767 1326 1043 1362 unterſchrieben,
1069 1323 1127 1350 bis
1140 1319 1206 1353 auf
1229 1321 1262 1343 2.
1274 1319 1338 1346 vor
1352 1315 1430 1345 dem

238 1380 344 1434 Herrn
354 1388 553 1428 Teſtatore
567 1388 777 1431 verſtorben,
802 1384 924 1425 mithin
941 1380 1012 1422 alſo
1027 1377 1097 1421 ihre
1110 1368 1326 1419 Unterſchrift
1343 1366 1432 1413 nicht

238 1435 506 1494 recognoſciren
515 1442 664 1489 koͤnnen,
677 1442 722 1477 da
727 1439 813 1483 doch
822 1436 946 1483 ſolches
953 1433 1000 1468 ad
1008 1427 1314 1480 publicationem
1323 1421 1433 1460 teſta-

240 1497 349 1535 menti
364 1494 545 1546 allerdings
557 1492 685 1542 noͤthig
701 1489 760 1540 iſt,
782 1488 975 1535 weswegen
998 1480 1083 1529 auch
1107 1478 1212 1529 einige
1228 1477 1305 1520 Dd.
1332 1472 1433 1522 dafuͤr

241 1531 357 1590 halten,
371 1546 437 1589 daß
453 1549 574 1592 ſolches
587 1545 791 1586 Teſtament
806 1548 856 1571 eo
874 1539 959 1582 ipſo
975 1539 1013 1576 zu
1029 1533 1176 1569 Grunde
1190 1527 1295 1571 gehen
1311 1521 1436 1571 muͤſſe,

244 1589 350 1637 Graff.
356 1603 383 1641 §.
391 1607 634 1635 teſtamentum
642 1608 704 1638 qu.
712 1601 762 1628 80.
772 1596 889 1635 Barry
897 1593 940 1621 de
937 1586 1085 1633 ſucceſſ.
1091 1585 1187 1617 lib.II.
1195 1581 1283 1614 tit.1.
1293 1576 1436 1613 Dauth.

242 1638 286 1693 ad.
286 1638 347 1692 l.2.
363 1649 396 1691 C.
407 1648 449 1688 de
457 1655 590 1697 teſtam.
607 1655 674 1683 n.1.
697 1647 900 1693 Beſonders
916 1646 962 1678 da
970 1642 1076 1683 alhier
1089 1639 1140 1674 die
1149 1633 1282 1681 meiſten
1297 1628 1437 1674 Zeugen

243 1694 496 1749 verſtorben,
443 1710 494 1753 und
509 1713 565 1739 nur
585 1704 654 1750 noch
670 1711 706 1734 2.
715 1703 814 1742 uͤbrig
822 1702 911 1741 ſind,
927 1705 1010 1725 tum
1027 1698 1152 1723 autem
1167 1690 1323 1720 demum
1337 1681 1440 1715 recte

247 1753 409 1807 reſignari
429 1760 447 1795 &
462 1760 611 1794 recitari
619 1758 747 1803 poteſt
755 1755 1020 1788 teſtamentum,
1058 1745 1083 1778 ſi
1098 1742 1222 1787 major
1230 1746 1315 1787 pars
1324 1734 1442 1782 ſigna-

249 1802 364 1846 torum
373 1810 525 1845 inventa
535 1815 654 1843 fuerit
666 1812 678 1838 l.
693 1813 721 1837 6.
728 1810 770 1849 ff.
775 1808 910 1845 teſtam.
920 1809 1036 1843 quem.
1046 1795 1222 1838 aperiant.

342 1864 497 1913 Dieweil
511 1866 595 1910 aber
605 1867 754 1912 dennoch
769 1863 838 1902 aus
853 1857 953 1909 dieſer
971 1849 1193 1905 angeſuͤhrten
1207 1847 1349 1901 Urſache
1369 1843 1441 1888 kein

252 1897 551 1960 Haupt ⸗ Mangel
573 1923 650 1946 dem
665 1916 869 1954 Teſtament
891 1906 1081 1947 zuwachſen
1099 1902 1188 1937 kan,
1215 1897 1327 1938 zumal
1350 1897 1443 1932 zwar

245 1959 330 2014 nicht
345 1969 445 2019 ohne,
458 1974 526 2016 da
540 1975 600 2016 bey
619 1974 860 2011 Publicirung
880 1966 977 1999 eines
993 1956 1218 2005 Teſtaments
1238 1951 1288 1989 die
1305 1947 1447 1995 Zeugen

254 2014 297 2056 ad
309 2024 617 2073 recognitionem
632 2027 753 2057 citiret
767 2026 901 2056 werden
915 2015 1063 2060 muͤſſen,
1082 2006 1207 2057 ſolches
1222 2000 1370 2052 dennoch
1385 1999 1447 2040 bil⸗

254 2064 295 2116 lig
303 2069 401 2124 dahin
401 2088 446 2122 zu
454 2083 640 2123 verſtehen,
654 2085 754 2108 wenn
762 2078 813 2108 die
820 2073 957 2112 Zeugen
965 2064 1048 2106 noch
1064 2068 1120 2100 am
1131 2060 1232 2097 Leben
1255 2057 1349 2102 ſeyn,
1375 2051 1447 2091 und

255 2118 318 2172 alſo
331 2131 390 2172 mit
397 2132 572 2181 Beſtande
587 2134 764 2173 Rechtens
778 2133 908 2161 daraus
916 2120 1005 2162 nicht
1013 2123 1094 2161 mag
1109 2109 1292 2166 geſchloſſen
1301 2104 1447 2151 werden,

258 2171 317 2221 daß
324 2179 357 2222 in
365 2184 618 2228 Ermangelung
633 2186 689 2236 der
689 2174 1083 2234 Zeugen⸗recognition
1102 2170 1168 2204 das
1179 2160 1379 2212 Teſtament
1386 2163 1449 2195 un⸗

257 2216 353 2278 guͤltig
373 2241 497 2276 werde,
518 2244 584 2269 wie
594 2241 677 2274 dieſe
696 2238 884 2269 Meynung
905 2233 1039 2254 contra
1059 2224 1204 2251 veteres
1224 2215 1361 2254 JCtos,
1380 2213 1451 2244 von

259 2275 475 2337 bewertheſten
483 2296 602 2325 und
565 2296 601 2335 in
610 2293 720 2330 praxi
733 2288 878 2324 geuͤbten
889 2274 1190 2322 Rechts⸗Lehrern
1202 2262 1458 2312 durchgehends

259 2335 491 2389 angenommen
500 2348 560 2386 iſt,
576 2347 752 2377 Schilter.
767 2344 807 2367 in
813 2348 875 2378 pr.
874 2337 955 2373 jur.
971 2336 1068 2362 Rom.
1078 2335 1132 2358 ex.
1135 2329 1186 2366 38.
1215 2322 1229 2366 §.
1243 2328 1310 2364 174
1331 2317 1453 2354 Struv.

262 2395 361 2438 ex.34.
376 2395 423 2432 th.
434 2407 484 2440 42.
499 2403 539 2430 in
543 2402 582 2444 f.
608 2401 816 2430 Brunnem.
825 2389 944 2430 adl.4.
946 2384 995 2433 ff.
1002 2380 1135 2428 teſtam.
1145 2372 1345 2426 quemadm.
1354 2378 1455 2420 aper.

261 2425 360 2476 Zoeſ.
371 2446 428 2474 tit.
436 2452 507 2474 eod.
516 2462 584 2479 n.3.
607 2452 796 2497 Duarren.
806 2442 920 2487 ad.cit.
932 2444 1029 2483 tit.c.
1036 2441 1076 2483 4.
1096 2427 1180 2465 auch
1190 2426 1224 2458 in
1232 2418 1462 2465 gegenwaͤrti⸗

1408 607 1573 651 deficiente
1584 620 1632 645 te-

1413 650 1594 695 ſtamentum

1417 680 1479 730 non
1484 689 1612 731 tollitur.

1432 1262 1577 1299 Rationas
1591 1262 1648 1297 du-

1477 1306 1606 1344 bitandi-

1448 1850 1592 1886 Rationes
1600 1845 1652 1881 de-

1488 1892 1620 1938 eidendi.
