<?xml version='1.0' encoding='utf-8'?>
<PcGts xmlns="http://schema.primaresearch.org/PAGE/gts/pagecontent/2019-07-15" xmlns:xsi="http://www.w3.org/2001/XMLSchema-instance" pcGtsId="PAGE_01" xsi:schemaLocation="http://schema.primaresearch.org/PAGE/gts/pagecontent/2019-07-15 http://schema.primaresearch.org/PAGE/gts/pagecontent/2019-07-15/pagecontent.xsd">
  <Metadata>
    <Creator>OCR-D DFG Phase III</Creator>
    <Created>2024-01-19T13:10:35Z</Created>
    <LastChange>2024-01-19T13:10:35Z</LastChange>
    <Comments>ODEM: OCR-D extension for mass digitization (2021-2024)</Comments>
  </Metadata>
  <Page imageFilename="urn+nbn+de+gbv+3+1-806751-p0113-6_lat.jpg" imageWidth="2561" imageHeight="2659" type="content" primaryLanguage="Latin">
    <Border>
      <Coords points="352,244 1602,244 1602,2342 352,2342"/>
    </Border>
    <ReadingOrder>
      <OrderedGroup id="ro_1678105880266" caption="Regions reading order">
        <RegionRefIndexed index="2" regionRef="TextRegion_1676278587304_2166"/>
      </OrderedGroup>
    </ReadingOrder>
    <TextRegion orientation="0.51332414" readingDirection="left-to-right" id="TextRegion_1676278587304_2166" custom="readingOrder {index:2;}">
      <Coords points="357,334 1591,334 1591,2275 357,2275"/>
      <TextLine id="region0001_line0001" custom="readingOrder {index:0;}">
        <Coords points="1120,334 1114,340 1113,349 874,354 858,354 852,343 840,342 832,349 826,344 815,344 808,348 806,354 799,355 754,356 746,349 737,349 729,358 721,358 714,350 705,350 698,359 691,359 685,347 672,345 659,359 636,360 631,353 621,352 612,362 604,362 596,355 586,355 580,362 559,363 555,357 543,355 531,364 489,366 484,355 468,353 459,357 452,367 439,368 428,368 426,358 420,354 361,355 357,356 358,416 435,415 484,411 547,410 583,406 669,405 674,415 685,416 695,414 699,405 716,404 1048,396 1295,394 1303,404 1318,403 1330,391 1591,389 1590,344 1567,344 1561,336 1550,336 1543,344 1491,346 1468,343 1465,334 1444,334 1440,342 1401,343 1393,335 1363,334 1358,343 1346,344 1275,346 1212,339 1206,342 1154,349 1147,342 1136,343 1129,334"/>
        <Baseline points="358,406 941,388 1591,379"/>
        <Word id="region0001_line0001_word0000" custom="readingOrder {index:0;}">
          <Coords points="363,392 551,390 550,356 543,355 531,364 489,366 484,355 468,353 459,357 452,367 439,368 428,368 426,358 420,354 362,354"/>
          <TextEquiv conf="0.6969946">
            <Unicode>Confiteri</Unicode>
          </TextEquiv>
        </Word>
        <Word id="region0001_line0001_word0001" custom="readingOrder {index:1;}">
          <Coords points="564,386 646,385 645,359 636,360 631,353 621,352 612,362 604,362 596,355 586,355 580,362 563,362"/>
          <TextEquiv conf="0.8688686">
            <Unicode>viris</Unicode>
          </TextEquiv>
        </Word>
        <Word id="region0001_line0001_word0002" custom="readingOrder {index:2;}">
          <Coords points="839,342 832,349 826,344 815,344 808,348 806,354 799,355 754,356 746,349 737,349 729,358 721,358 714,350 705,350 698,359 691,359 685,347 672,345 663,354 664,400 910,398 909,353 874,354 858,354 852,343 846,342"/>
          <TextEquiv conf="0.72703797">
            <Unicode>ſpiritualibus</Unicode>
          </TextEquiv>
        </Word>
        <Word id="region0001_line0001_word0003" custom="readingOrder {index:3;}">
          <Coords points="921,357 969,357 970,384 922,384"/>
          <TextEquiv conf="0.89892966">
            <Unicode>an</Unicode>
          </TextEquiv>
        </Word>
        <Word id="region0001_line0001_word0004" custom="readingOrder {index:4;}">
          <Coords points="1115,339 1114,340 1113,349 982,352 983,383 1189,382 1188,344 1154,349 1147,342 1136,343 1133,339"/>
          <TextEquiv conf="0.86721236">
            <Unicode>conveniat</Unicode>
          </TextEquiv>
        </Word>
        <Word id="region0001_line0001_word0005" custom="readingOrder {index:5;}">
          <Coords points="1205,345 1244,345 1245,381 1206,381"/>
          <TextEquiv conf="0.90925264">
            <Unicode>&amp;</Unicode>
          </TextEquiv>
        </Word>
        <Word id="region0001_line0001_word0006" custom="readingOrder {index:6;}">
          <Coords points="1360,338 1358,343 1346,344 1275,346 1257,344 1258,394 1327,393 1330,391 1433,390 1433,342 1401,343 1396,338"/>
          <TextEquiv conf="0.82030046">
            <Unicode>expediat</Unicode>
          </TextEquiv>
        </Word>
        <Word id="region0001_line0001_word0007" custom="readingOrder {index:7;}">
          <Coords points="1450,339 1451,381 1578,380 1577,344 1567,344 1562,338 1548,338 1543,344 1491,346 1468,343 1466,338"/>
          <TextEquiv conf="0.9202273">
            <Unicode>homi-</Unicode>
          </TextEquiv>
        </Word>
        <TextEquiv>
          <Unicode>Confiteri viris ſpiritualibus an conveniat &amp; expediat homi-</Unicode>
        </TextEquiv>
      </TextLine>
      <TextLine id="region0001_line0002" custom="readingOrder {index:1;}">
        <Coords points="806,404 798,414 619,417 613,411 603,411 596,418 588,419 510,421 505,426 505,458 510,463 614,464 616,472 624,475 641,463 649,462 866,458 883,452 884,418 881,414 823,414 816,405"/>
        <Baseline points="505,452 883,447"/>
        <Word id="region0001_line0002_word0000" custom="readingOrder {index:0;}">
          <Coords points="575,450 613,450 613,416 598,416 596,418 588,419 575,419"/>
          <TextEquiv conf="0.8872048">
            <Unicode>ni</Unicode>
          </TextEquiv>
        </Word>
        <Word id="region0001_line0002_word0001" custom="readingOrder {index:1;}">
          <Coords points="800,411 798,414 624,416 624,463 642,462 649,462 827,458 827,414 823,414 820,411"/>
          <TextEquiv>
            <Unicode>peccatori.</Unicode>
          </TextEquiv>
        </Word>
        <TextEquiv>
          <Unicode>ni peccatori.</Unicode>
        </TextEquiv>
      </TextLine>
      <TextLine id="region0001_line0003" custom="readingOrder {index:2;}">
        <Coords points="1279,448 1272,451 1268,457 1262,449 1249,449 1244,453 1242,460 1235,453 1227,453 1219,462 1143,460 1136,455 1126,455 1117,460 1089,463 1017,466 1013,455 998,454 988,467 982,455 970,455 955,468 882,468 876,460 864,460 857,469 647,474 645,465 641,464 624,476 599,477 567,476 562,470 545,465 455,467 440,471 433,480 427,472 417,469 357,469 358,529 622,522 660,517 1111,513 1173,510 1181,522 1198,521 1204,517 1206,508 1214,507 1467,505 1491,506 1498,514 1507,514 1516,506 1591,504 1590,457 1518,459 1512,450 1500,450 1494,459 1388,459 1369,457 1359,447 1344,447 1331,458 1301,460 1294,450"/>
        <Baseline points="358,519 1591,494"/>
        <Word id="region0001_line0003_word0000" custom="readingOrder {index:0;}">
          <Coords points="368,471 369,510 425,509 424,471 420,470"/>
          <TextEquiv conf="0.6368916">
            <Unicode>Pii</Unicode>
          </TextEquiv>
        </Word>
        <Word id="region0001_line0003_word0001" custom="readingOrder {index:1;}">
          <Coords points="435,508 700,506 699,472 647,474 645,465 641,464 624,476 599,477 567,476 562,470 545,465 455,467 440,471 434,478"/>
          <TextEquiv>
            <Unicode>afflictionibus</Unicode>
          </TextEquiv>
        </Word>
        <Word id="region0001_line0003_word0002" custom="readingOrder {index:2;}">
          <Coords points="710,502 874,500 873,464 860,464 857,469 709,472"/>
          <TextEquiv conf="0.8913577">
            <Unicode>exerceri</Unicode>
          </TextEquiv>
        </Word>
        <Word id="region0001_line0003_word0003" custom="readingOrder {index:3;}">
          <Coords points="884,473 949,473 950,500 885,500"/>
          <TextEquiv>
            <Unicode>cur</Unicode>
          </TextEquiv>
        </Word>
        <Word id="word_1676278725802_2230" custom="readingOrder {index:4;}">
          <Coords points="959,464 964,459 984,459 988,467 993,459 1014,459 1017,466 1089,463 1114,460 1114,502 960,504"/>
          <TextEquiv conf="0.88488996">
            <Unicode>ſoleant,</Unicode>
          </TextEquiv>
        </Word>
        <Word id="region0001_line0003_word0005" custom="readingOrder {index:5;}">
          <Coords points="1150,460 1143,460 1136,455 1122,457 1122,513 1150,511"/>
          <TextEquiv conf="0.88488996">
            <Unicode>&amp;</Unicode>
          </TextEquiv>
        </Word>
        <Word id="region0001_line0003_word0006" custom="readingOrder {index:6;}">
          <Coords points="1223,457 1219,462 1171,460 1171,510 1173,510 1173,510 1205,510 1206,508 1214,507 1262,506 1262,457 1242,457 1242,460 1239,457"/>
          <TextEquiv conf="0.92379594">
            <Unicode>quid</Unicode>
          </TextEquiv>
        </Word>
        <Word id="region0001_line0003_word0007" custom="readingOrder {index:7;}">
          <Coords points="1273,457 1274,498 1414,497 1413,459 1388,459 1369,457 1368,456 1333,457 1331,458 1301,460 1299,457"/>
          <TextEquiv conf="0.9025105">
            <Unicode>fructus</Unicode>
          </TextEquiv>
        </Word>
        <Word id="region0001_line0003_word0008" custom="readingOrder {index:8;}">
          <Coords points="1423,468 1468,468 1469,494 1424,494"/>
          <TextEquiv conf="0.9291549">
            <Unicode>ex</Unicode>
          </TextEquiv>
        </Word>
        <Word id="region0001_line0003_word0009" custom="readingOrder {index:9;}">
          <Coords points="1494,457 1494,459 1480,459 1481,505 1574,504 1573,457 1518,459 1517,457"/>
          <TextEquiv conf="0.8556421">
            <Unicode>ejus-</Unicode>
          </TextEquiv>
        </Word>
        <TextEquiv>
          <Unicode>Pii afflictionibus exerceri cur ſoleant, &amp; quid fructus ex ejus-</Unicode>
        </TextEquiv>
      </TextLine>
      <TextLine id="region0001_line0004" custom="readingOrder {index:3;}">
        <Coords points="660,518 650,520 647,532 642,534 507,534 501,540 501,571 514,580 883,571 904,581 909,579 911,571 985,570 990,581 1005,582 1013,579 1016,569 1155,568 1168,558 1168,527 1161,521 1039,524 1031,516 1021,516 1014,524 1000,524 993,516 982,516 976,524 838,528 830,520 820,520 814,528 802,528 795,520 768,517 763,520 761,528 688,531 682,523 672,523 669,519"/>
        <Baseline points="501,570 1168,557"/>
        <Word id="region0001_line0004_word0000" custom="readingOrder {index:0;}">
          <Coords points="649,523 647,532 642,534 572,534 572,566 679,565 679,523"/>
          <TextEquiv conf="0.91278213">
            <Unicode>modi</Unicode>
          </TextEquiv>
        </Word>
        <Word id="region0001_line0004_word0001" custom="readingOrder {index:1;}">
          <Coords points="762,522 761,528 693,530 693,564 881,562 881,526 838,528 831,521 818,521 814,528 802,528 796,521"/>
          <TextEquiv conf="0.92773545">
            <Unicode>medicina</Unicode>
          </TextEquiv>
        </Word>
        <Word id="region0001_line0004_word0002" custom="readingOrder {index:2;}">
          <Coords points="964,524 892,526 892,574 910,574 911,571 985,570 986,573 1015,573 1016,569 1111,568 1111,523 1061,523 1039,524 1039,524 1014,524 1014,524 1002,524"/>
          <TextEquiv conf="0.914934">
            <Unicode>percipiant.</Unicode>
          </TextEquiv>
        </Word>
        <TextEquiv>
          <Unicode>modi medicina percipiant.</Unicode>
        </TextEquiv>
      </TextLine>
      <TextLine id="region0001_line0005" custom="readingOrder {index:4;}">
        <Coords points="1456,559 1432,563 1427,574 1365,575 1359,574 1352,566 1342,566 1334,575 1322,575 1315,566 1289,565 1281,574 1275,568 1265,568 1258,577 1211,577 1205,565 1190,565 1180,569 1173,578 1134,580 908,584 883,572 874,572 866,576 863,585 823,585 770,578 696,587 692,577 674,576 661,586 652,586 647,578 634,578 629,579 624,586 619,582 608,582 601,591 518,594 422,595 421,586 416,581 357,582 358,643 557,637 558,642 562,644 574,645 587,635 614,634 717,636 722,641 733,641 740,636 818,631 1006,628 1011,632 1025,632 1030,627 1591,618 1590,573 1564,573 1556,564 1546,564 1541,568 1536,561 1530,559"/>
        <Baseline points="358,633 1591,609"/>
        <Word id="region0001_line0005_word0000" custom="readingOrder {index:0;}">
          <Coords points="372,621 535,619 534,593 518,594 422,595 421,586 416,581 371,581"/>
          <TextEquiv conf="0.9279025">
            <Unicode>Fortuna</Unicode>
          </TextEquiv>
        </Word>
        <Word id="region0001_line0005_word0001" custom="readingOrder {index:1;}">
          <Coords points="553,628 645,627 644,578 634,578 629,579 624,586 619,582 608,582 601,591 552,592"/>
          <TextEquiv conf="0.93030185">
            <Unicode>quid</Unicode>
          </TextEquiv>
        </Word>
        <Word id="region0001_line0005_word0002" custom="readingOrder {index:2;}">
          <Coords points="665,624 735,624 734,582 696,587 692,577 674,576 664,583"/>
          <TextEquiv conf="0.9060219">
            <Unicode>ſit,</Unicode>
          </TextEquiv>
        </Word>
        <Word id="region0001_line0005_word0003" custom="readingOrder {index:3;}">
          <Coords points="754,579 748,580 749,615 790,614 789,580 779,579"/>
          <TextEquiv conf="0.8744682">
            <Unicode>&amp;</Unicode>
          </TextEquiv>
        </Word>
        <Word id="region0001_line0005_word0004" custom="readingOrder {index:4;}">
          <Coords points="806,588 855,588 856,614 807,614"/>
          <TextEquiv conf="0.90572983">
            <Unicode>an</Unicode>
          </TextEquiv>
        </Word>
        <Word id="region0001_line0005_word0005" custom="readingOrder {index:5;}">
          <Coords points="873,574 874,618 1082,617 1081,580 908,584 887,573"/>
          <TextEquiv conf="0.92087156">
            <Unicode>Fortunam</Unicode>
          </TextEquiv>
        </Word>
        <Word id="region0001_line0005_word0006" custom="readingOrder {index:6;}">
          <Coords points="1179,569 1173,578 1134,580 1099,580 1100,612 1276,611 1275,569 1264,569 1258,577 1211,577 1207,569"/>
          <TextEquiv conf="0.91436553">
            <Unicode>confiteri</Unicode>
          </TextEquiv>
        </Word>
        <Word id="region0001_line0005_word0007" custom="readingOrder {index:7;}">
          <Coords points="1289,571 1290,611 1437,609 1436,569 1429,569 1427,574 1365,575 1359,574 1355,570 1338,570 1334,575 1322,575 1318,570"/>
          <TextEquiv conf="0.88641095">
            <Unicode>licitum</Unicode>
          </TextEquiv>
        </Word>
        <Word id="region0001_line0005_word0008" custom="readingOrder {index:8;}">
          <Coords points="1458,569 1459,610 1574,609 1573,573 1564,573 1559,568"/>
          <TextEquiv conf="0.8732479">
            <Unicode>Chri-</Unicode>
          </TextEquiv>
        </Word>
        <TextEquiv>
          <Unicode>Fortuna quid ſit, &amp; an Fortunam confiteri licitum Chri-</Unicode>
        </TextEquiv>
      </TextLine>
      <TextLine id="region0001_line0006" custom="readingOrder {index:5;}">
        <Coords points="587,636 574,646 559,643 515,647 512,651 513,690 517,693 534,693 727,691 758,689 763,684 763,652 758,647 633,648 622,647 616,639 601,641 593,636"/>
        <Baseline points="513,683 763,678"/>
        <Word id="region0001_line0006_word0000" custom="readingOrder {index:0;}">
          <Coords points="575,644 574,646 573,645 573,684 705,683 705,647 633,648 622,647 620,644"/>
          <TextEquiv conf="0.90128446">
            <Unicode>ſtiano.</Unicode>
          </TextEquiv>
        </Word>
        <TextEquiv>
          <Unicode>ſtiano.</Unicode>
        </TextEquiv>
      </TextLine>
      <TextLine id="region0001_line0007" custom="readingOrder {index:6;}">
        <Coords points="1392,677 1378,687 1372,682 1361,682 1355,690 1287,692 1280,684 1269,684 1256,685 1250,692 1238,692 1233,680 1219,679 1214,683 1212,691 1118,694 1112,681 1094,680 1089,682 1080,695 981,696 975,688 965,688 956,698 835,702 808,700 803,689 793,688 784,691 780,700 706,703 695,694 687,694 680,702 617,700 610,697 559,703 552,696 543,696 536,704 494,707 493,700 488,694 477,693 468,700 466,709 444,710 437,710 435,700 428,696 357,695 358,756 441,754 447,766 458,767 469,761 471,752 811,746 831,749 859,747 861,753 868,755 887,751 891,744 919,743 1139,739 1171,741 1178,748 1186,748 1195,741 1309,737 1313,748 1334,750 1341,745 1343,736 1414,736 1419,749 1437,749 1445,745 1447,735 1591,734 1590,688 1410,690 1406,680"/>
        <Baseline points="358,746 1591,724"/>
        <Word id="region0001_line0007_word0000" custom="readingOrder {index:0;}">
          <Coords points="374,750 584,748 583,700 559,703 552,696 543,696 536,704 494,707 493,700 488,694 477,693 468,700 466,709 444,710 437,710 435,700 428,696 373,695"/>
          <TextEquiv>
            <Unicode>Prophetiæ</Unicode>
          </TextEquiv>
        </Word>
        <Word id="region0001_line0007_word0001" custom="readingOrder {index:1;}">
          <Coords points="595,732 634,732 633,700 617,700 610,697 594,698"/>
          <TextEquiv conf="0.8381885">
            <Unicode>&amp;</Unicode>
          </TextEquiv>
        </Word>
        <Word id="region0001_line0007_word0002" custom="readingOrder {index:2;}">
          <Coords points="786,690 784,691 780,700 706,703 695,694 687,694 680,702 645,700 646,732 847,735 846,705 808,700 803,690"/>
          <TextEquiv conf="0.90855837">
            <Unicode>miracula,</Unicode>
          </TextEquiv>
        </Word>
        <Word id="region0001_line0007_word0003" custom="readingOrder {index:3;}">
          <Coords points="853,707 928,702 929,742 854,747"/>
          <TextEquiv conf="0.9244775">
            <Unicode>qua</Unicode>
          </TextEquiv>
        </Word>
        <Word id="region0001_line0007_word0004" custom="readingOrder {index:4;}">
          <Coords points="962,690 956,698 938,698 939,730 1075,729 1074,695 981,696 977,690"/>
          <TextEquiv conf="0.89201933">
            <Unicode>virtute</Unicode>
          </TextEquiv>
        </Word>
        <Word id="region0001_line0007_word0005" custom="readingOrder {index:5;}">
          <Coords points="1086,685 1085,687 1086,736 1190,736 1189,691 1118,694 1113,685"/>
          <TextEquiv conf="0.8962037">
            <Unicode>fiant,</Unicode>
          </TextEquiv>
        </Word>
        <Word id="region0001_line0007_word0006" custom="readingOrder {index:6;}">
          <Coords points="1213,684 1212,691 1197,691 1198,724 1246,724 1245,692 1238,692 1234,684"/>
          <TextEquiv conf="0.9320006">
            <Unicode>ab</Unicode>
          </TextEquiv>
        </Word>
        <Word id="region0001_line0007_word0007" custom="readingOrder {index:7;}">
          <Coords points="1254,689 1255,726 1297,726 1296,691 1287,692 1284,689"/>
          <TextEquiv conf="0.84418243">
            <Unicode>iis</Unicode>
          </TextEquiv>
        </Word>
        <Word id="region0001_line0007_word0008" custom="readingOrder {index:8;}">
          <Coords points="1371,687 1357,687 1355,690 1306,691 1306,737 1309,737 1309,738 1342,738 1343,736 1371,736"/>
          <TextEquiv conf="0.890365">
            <Unicode>qui</Unicode>
          </TextEquiv>
        </Word>
        <Word id="region0001_line0007_word0009" custom="readingOrder {index:9;}">
          <Coords points="1385,681 1380,685 1380,736 1414,736 1414,737 1446,737 1447,735 1470,734 1470,689 1410,690 1406,681"/>
          <TextEquiv conf="0.9238198">
            <Unicode>ſæpe</Unicode>
          </TextEquiv>
        </Word>
        <Word id="region0001_line0007_word0010" custom="readingOrder {index:10;}">
          <Coords points="1480,695 1575,694 1576,722 1481,723"/>
          <TextEquiv conf="0.9312983">
            <Unicode>con-</Unicode>
          </TextEquiv>
        </Word>
        <TextEquiv>
          <Unicode>Prophetiæ &amp; miracula, qua virtute fiant, ab iis qui ſæpe con-</Unicode>
        </TextEquiv>
      </TextLine>
      <TextLine id="region0001_line0008" custom="readingOrder {index:7;}">
        <Coords points="1021,742 1012,749 974,746 912,756 889,756 887,752 881,752 868,756 820,758 814,748 796,747 789,757 767,755 761,750 747,751 740,756 725,758 669,759 662,751 652,751 645,759 640,760 510,761 505,766 505,799 510,804 575,807 836,804 1081,799 1115,795 1219,796 1231,786 1231,754 1226,749 1097,751 1092,744 1080,743 1072,752 1049,753 1045,751 1043,743"/>
        <Baseline points="505,795 1231,786"/>
        <Word id="region0001_line0008_word0000" custom="readingOrder {index:0;}">
          <Coords points="648,755 645,759 640,760 575,760 575,791 730,790 730,757 725,758 669,759 665,755"/>
          <TextEquiv conf="0.8856112">
            <Unicode>trarium</Unicode>
          </TextEquiv>
        </Word>
        <Word id="region0001_line0008_word0001" custom="readingOrder {index:1;}">
          <Coords points="741,755 741,755 741,790 780,789 780,756 767,755 766,754"/>
          <TextEquiv conf="0.89947236">
            <Unicode>&amp;</Unicode>
          </TextEquiv>
        </Word>
        <Word id="region0001_line0008_word0002" custom="readingOrder {index:2;}">
          <Coords points="793,750 791,754 791,790 954,789 954,750 949,750 912,756 889,756 887,752 881,752 868,756 820,758 815,750"/>
          <TextEquiv conf="0.9107603">
            <Unicode>ſentiunt</Unicode>
          </TextEquiv>
        </Word>
        <Word id="region0001_line0008_word0003" custom="readingOrder {index:3;}">
          <Coords points="971,754 990,753 990,788 971,789"/>
          <TextEquiv conf="0.9239056">
            <Unicode>&amp;</Unicode>
          </TextEquiv>
        </Word>
        <Word id="region0001_line0008_word0004" custom="readingOrder {index:4;}">
          <Coords points="1016,747 1016,788 1174,787 1174,749 1097,751 1093,746 1076,746 1072,752 1049,753 1045,751 1043,746"/>
          <TextEquiv conf="0.9136408">
            <Unicode>faciunt.</Unicode>
          </TextEquiv>
        </Word>
        <TextEquiv>
          <Unicode>trarium &amp; ſentiunt &amp; faciunt.</Unicode>
        </TextEquiv>
      </TextLine>
      <TextLine id="region0001_line0009" custom="readingOrder {index:8;}">
        <Coords points="398,799 393,804 392,812 357,812 358,871 589,863 713,862 718,859 787,861 870,858 900,859 903,869 918,871 926,869 931,859 942,858 1155,853 1308,856 1429,850 1591,850 1590,802 1417,805 1346,797 1314,799 1296,807 1232,807 1224,798 1213,798 1206,808 1147,809 1133,808 1129,797 1115,796 1107,800 1105,807 1044,811 1037,811 1030,802 1021,802 1011,811 1009,803 1005,800 987,801 978,811 871,814 671,816 663,808 636,807 632,810 630,818 622,818 615,809 605,809 598,819 588,819 584,809 570,807 560,819 529,819 524,807 512,806 494,809 482,821 446,821 417,813 411,800"/>
        <Baseline points="358,862 1591,840"/>
        <Word id="region0001_line0009_word0000" custom="readingOrder {index:0;}">
          <Coords points="375,850 555,848 554,819 529,819 524,807 512,806 494,809 482,821 446,821 417,813 411,800 398,799 393,804 392,812 374,812"/>
          <TextEquiv conf="0.9016836">
            <Unicode>Deceſſus</Unicode>
          </TextEquiv>
        </Word>
        <Word id="region0001_line0009_word0001" custom="readingOrder {index:1;}">
          <Coords points="565,845 615,845 614,809 605,809 598,819 588,819 584,809 570,807 564,813"/>
          <TextEquiv conf="0.86193866">
            <Unicode>ſui</Unicode>
          </TextEquiv>
        </Word>
        <Word id="region0001_line0009_word0002" custom="readingOrder {index:2;}">
          <Coords points="626,843 727,842 726,815 671,816 663,808 636,807 632,810 630,818 625,818"/>
          <TextEquiv conf="0.86193866">
            <Unicode>diem</Unicode>
          </TextEquiv>
        </Word>
        <Word id="region0001_line0009_word0003" custom="readingOrder {index:3;}">
          <Coords points="736,842 803,841 802,814 735,815"/>
          <TextEquiv conf="0.92893714">
            <Unicode>cur</Unicode>
          </TextEquiv>
        </Word>
        <Word id="region0001_line0009_word0004" custom="readingOrder {index:4;}">
          <Coords points="812,842 893,841 892,813 871,814 811,814"/>
          <TextEquiv conf="0.93018687">
            <Unicode>non</Unicode>
          </TextEquiv>
        </Word>
        <Word id="region0001_line0009_word0005" custom="readingOrder {index:5;}">
          <Coords points="910,854 1100,852 1099,807 1044,811 1037,811 1030,802 1021,802 1011,811 1009,803 1005,800 987,801 978,811 909,812"/>
          <TextEquiv conf="0.9097753">
            <Unicode>præſciant</Unicode>
          </TextEquiv>
        </Word>
        <Word id="region0001_line0009_word0006" custom="readingOrder {index:6;}">
          <Coords points="1113,797 1114,843 1323,841 1322,798 1314,799 1296,807 1232,807 1224,798 1213,798 1206,808 1147,809 1133,808 1129,797 1127,796"/>
          <TextEquiv conf="0.8978051">
            <Unicode>homines,</Unicode>
          </TextEquiv>
        </Word>
        <Word id="region0001_line0009_word0007" custom="readingOrder {index:7;}">
          <Coords points="1338,800 1339,837 1382,837 1381,800 1372,800"/>
          <TextEquiv conf="0.9254516">
            <Unicode>&amp;</Unicode>
          </TextEquiv>
        </Word>
        <Word id="region0001_line0009_word0008" custom="readingOrder {index:8;}">
          <Coords points="1399,810 1447,809 1448,835 1400,836"/>
          <TextEquiv conf="0.91842866">
            <Unicode>an</Unicode>
          </TextEquiv>
        </Word>
        <Word id="region0001_line0009_word0009" custom="readingOrder {index:9;}">
          <Coords points="1466,808 1573,807 1574,835 1467,836"/>
          <TextEquiv conf="0.9282625">
            <Unicode>exce-</Unicode>
          </TextEquiv>
        </Word>
        <TextEquiv>
          <Unicode>Deceſſus ſui diem cur non præſciant homines, &amp; an exce-</Unicode>
        </TextEquiv>
      </TextLine>
      <TextLine id="region0001_line0010" custom="readingOrder {index:9;}">
        <Coords points="1155,854 1150,855 1146,861 1141,857 1130,857 1123,866 1079,867 1073,861 1049,857 1040,862 1038,869 950,870 943,862 933,862 926,870 918,872 880,870 877,863 870,859 857,861 846,871 830,872 790,871 784,864 772,864 766,872 742,873 735,862 718,860 713,863 712,873 607,875 603,865 589,864 582,869 580,875 509,880 506,884 506,915 512,921 563,921 642,920 650,913 660,913 669,919 763,916 823,919 830,926 841,925 848,919 1078,914 1080,922 1089,925 1106,924 1111,912 1284,910 1286,921 1292,925 1314,922 1318,909 1384,909 1386,919 1392,924 1411,924 1416,920 1418,911 1590,907 1591,862 1450,864 1448,854 1443,851 1426,852 1416,864 1401,864 1394,856 1381,856 1375,864 1174,866 1170,855"/>
        <Baseline points="506,911 1590,898"/>
        <Word id="word_1676278796859_2252" custom="readingOrder {index:0;}">
          <Coords points="589,864 603,865 607,875 711,873 711,907 575,908 575,875 580,875 582,869"/>
          <TextEquiv conf="0.8286625">
            <Unicode>dentes</Unicode>
          </TextEquiv>
        </Word>
        <Word id="region0001_line0010_word0001" custom="readingOrder {index:1;}">
          <Coords points="734,861 718,860 717,860 717,917 734,916"/>
          <TextEquiv conf="0.49730587">
            <Unicode>è</Unicode>
          </TextEquiv>
        </Word>
        <Word id="region0001_line0010_word0002" custom="readingOrder {index:2;}">
          <Coords points="837,923 837,871 830,872 790,871 784,864 772,864 766,872 749,872 749,916 763,916 823,919 827,923"/>
          <TextEquiv conf="0.92476773">
            <Unicode>vita,</Unicode>
          </TextEquiv>
        </Word>
        <Word id="region0001_line0010_word0003" custom="readingOrder {index:3;}">
          <Coords points="853,865 852,866 852,915 1005,913 1005,869 950,870 945,864 931,864 926,870 918,872 880,870 878,865"/>
          <TextEquiv conf="0.91174436">
            <Unicode>ſentiant</Unicode>
          </TextEquiv>
        </Word>
        <Word id="region0001_line0010_word0004" custom="readingOrder {index:4;}">
          <Coords points="1042,860 1040,862 1038,869 1025,869 1025,915 1078,914 1078,915 1109,915 1111,912 1167,911 1167,860 1146,860 1146,861 1144,860 1127,860 1123,866 1079,867 1073,861 1071,860"/>
          <TextEquiv conf="0.8892357">
            <Unicode>aliquid</Unicode>
          </TextEquiv>
        </Word>
        <Word id="region0001_line0010_word0005" custom="readingOrder {index:5;}">
          <Coords points="1185,873 1263,872 1263,901 1185,902"/>
          <TextEquiv conf="0.89585066">
            <Unicode>eor.</Unicode>
          </TextEquiv>
        </Word>
        <Word id="region0001_line0010_word0006" custom="readingOrder {index:6;}">
          <Coords points="1366,870 1282,871 1282,910 1284,910 1284,913 1316,913 1318,909 1366,909"/>
          <TextEquiv conf="0.9271962">
            <Unicode>quæ</Unicode>
          </TextEquiv>
        </Word>
        <Word id="region0001_line0010_word0007" custom="readingOrder {index:7;}">
          <Coords points="1381,858 1381,909 1384,909 1384,913 1417,913 1418,911 1478,909 1478,863 1450,864 1448,857 1421,857 1416,864 1401,864 1395,857"/>
          <TextEquiv conf="0.91893476">
            <Unicode>ipſos</Unicode>
          </TextEquiv>
        </Word>
        <Word id="region0001_line0010_word0008" custom="readingOrder {index:8;}">
          <Coords points="1494,871 1577,870 1577,897 1494,898"/>
          <TextEquiv conf="0.9139943">
            <Unicode>ma-</Unicode>
          </TextEquiv>
        </Word>
        <TextEquiv>
          <Unicode>dentes è vita, ſentiant aliquid eor. quæ ipſos ma-</Unicode>
        </TextEquiv>
      </TextLine>
      <TextLine id="region0001_line0011" custom="readingOrder {index:10;}">
        <Coords points="965,916 957,920 955,928 878,926 732,932 717,931 715,924 709,920 696,922 691,919 676,919 672,921 670,930 508,935 503,940 504,972 516,979 1003,971 1100,972 1147,970 1154,969 1159,964 1158,932 1153,927 982,927 978,916"/>
        <Baseline points="504,969 1159,960"/>
        <Word id="region0001_line0011_word0000" custom="readingOrder {index:0;}">
          <Coords points="575,936 671,935 672,962 576,963"/>
          <TextEquiv conf="0.8279388">
            <Unicode>nent</Unicode>
          </TextEquiv>
        </Word>
        <Word id="region0001_line0011_word0001" custom="readingOrder {index:1;}">
          <Coords points="680,921 681,963 818,962 817,928 732,932 717,931 715,924 710,920 703,920 696,922 694,920"/>
          <TextEquiv conf="0.91769654">
            <Unicode>bonor.</Unicode>
          </TextEquiv>
        </Word>
        <Word id="region0001_line0011_word0002" custom="readingOrder {index:2;}">
          <Coords points="826,931 892,930 893,959 827,960"/>
          <TextEquiv conf="0.8959882">
            <Unicode>aut</Unicode>
          </TextEquiv>
        </Word>
        <Word id="region0001_line0011_word0003" custom="readingOrder {index:3;}">
          <Coords points="960,918 957,920 955,928 901,926 902,961 1101,959 1100,927 982,927 978,918"/>
          <TextEquiv conf="0.8907962">
            <Unicode>malorum.</Unicode>
          </TextEquiv>
        </Word>
        <TextEquiv>
          <Unicode>nent bonor. aut malorum.</Unicode>
        </TextEquiv>
      </TextLine>
      <TextLine id="region0001_line0012" custom="readingOrder {index:11;}">
        <Coords points="1285,967 1277,972 1275,978 1130,978 1058,984 1025,984 1021,973 1003,972 999,974 997,984 685,988 635,987 627,978 609,978 598,988 579,990 450,992 430,991 424,984 413,981 358,980 357,1039 540,1037 545,1046 558,1047 566,1045 571,1037 576,1036 818,1031 820,1042 840,1045 850,1041 852,1032 932,1029 1193,1027 1198,1037 1214,1037 1221,1034 1222,1026 1227,1022 1364,1023 1376,1036 1380,1033 1396,1035 1405,1025 1427,1022 1442,1022 1464,1027 1491,1026 1497,1034 1515,1034 1520,1032 1522,1024 1528,1023 1590,1022 1591,975 1417,978 1410,970 1400,970 1393,978 1322,977 1315,976 1308,970"/>
        <Baseline points="357,1029 1590,1012"/>
        <Word id="region0001_line0012_word0000" custom="readingOrder {index:0;}">
          <Coords points="375,985 375,1025 534,1023 534,990 450,992 430,991 424,984"/>
          <TextEquiv conf="0.90047187">
            <Unicode>Peccata</Unicode>
          </TextEquiv>
        </Word>
        <Word id="region0001_line0012_word0001" custom="readingOrder {index:1;}">
          <Coords points="605,981 598,988 579,990 550,990 550,1034 632,1034 632,983 629,981"/>
          <TextEquiv conf="0.919381">
            <Unicode>poſt</Unicode>
          </TextEquiv>
        </Word>
        <Word id="region0001_line0012_word0002" custom="readingOrder {index:2;}">
          <Coords points="642,990 806,989 806,1019 642,1020"/>
          <TextEquiv conf="0.90766245">
            <Unicode>mortem</Unicode>
          </TextEquiv>
        </Word>
        <Word id="region0001_line0012_word0003" custom="readingOrder {index:3;}">
          <Coords points="899,989 815,990 815,1031 818,1031 818,1033 852,1033 852,1032 899,1030"/>
          <TextEquiv conf="0.9111743">
            <Unicode>quæ</Unicode>
          </TextEquiv>
        </Word>
        <Word id="region0001_line0012_word0004" custom="readingOrder {index:4;}">
          <Coords points="998,976 997,984 914,985 914,1019 1187,1017 1187,978 1130,978 1058,984 1025,984 1022,976"/>
          <TextEquiv conf="0.91317123">
            <Unicode>condonentur</Unicode>
          </TextEquiv>
        </Word>
        <Word id="region0001_line0012_word0005" custom="readingOrder {index:5;}">
          <Coords points="1267,986 1203,986 1203,1028 1221,1028 1222,1026 1227,1022 1267,1022"/>
          <TextEquiv conf="0.9237557">
            <Unicode>per</Unicode>
          </TextEquiv>
        </Word>
        <Word id="region0001_line0012_word0006" custom="readingOrder {index:6;}">
          <Coords points="1285,974 1285,1022 1364,1023 1368,1028 1402,1027 1405,1025 1427,1022 1442,1022 1464,1027 1477,1026 1477,976 1417,978 1412,972 1397,972 1393,978 1322,977 1315,976 1312,973"/>
          <TextEquiv conf="0.89250547">
            <Unicode>liturgias,</Unicode>
          </TextEquiv>
        </Word>
        <Word id="region0001_line0012_word0007" custom="readingOrder {index:7;}">
          <Coords points="1580,982 1499,983 1499,1025 1522,1025 1522,1024 1528,1023 1580,1022"/>
          <TextEquiv conf="0.9168679">
            <Unicode>pre-</Unicode>
          </TextEquiv>
        </Word>
        <TextEquiv>
          <Unicode>Peccata poſt mortem quæ condonentur per liturgias, pre-</Unicode>
        </TextEquiv>
      </TextLine>
      <TextLine id="region0001_line0013" custom="readingOrder {index:12;}">
        <Coords points="1227,1023 1223,1026 1222,1035 1214,1038 950,1041 944,1031 932,1030 925,1032 915,1042 848,1043 840,1046 812,1043 806,1033 792,1033 784,1041 746,1041 740,1037 728,1037 720,1041 682,1045 517,1049 508,1050 504,1055 504,1083 507,1087 513,1088 548,1089 637,1088 656,1095 664,1093 669,1088 796,1086 928,1085 935,1091 942,1091 953,1084 1028,1083 1032,1086 1055,1084 1067,1091 1079,1084 1091,1082 1133,1081 1141,1088 1149,1088 1157,1081 1207,1079 1538,1077 1581,1074 1586,1069 1585,1037 1580,1032 1452,1035 1448,1025 1427,1023 1414,1036 1380,1034 1375,1037 1364,1024 1346,1024 1338,1035 1299,1036 1297,1028 1289,1024 1271,1025 1263,1035 1251,1035 1246,1025"/>
        <Baseline points="504,1078 1586,1064"/>
        <Word id="region0001_line0013_word0000" custom="readingOrder {index:0;}">
          <Coords points="572,1049 709,1048 710,1087 573,1088"/>
          <TextEquiv conf="0.9074947">
            <Unicode>cesque</Unicode>
          </TextEquiv>
        </Word>
        <Word id="region0001_line0013_word0001" custom="readingOrder {index:1;}">
          <Coords points="722,1039 720,1040 721,1075 763,1074 762,1041 746,1041 743,1039"/>
          <TextEquiv conf="0.87270814">
            <Unicode>&amp;</Unicode>
          </TextEquiv>
        </Word>
        <Word id="word_1676278832451_2263" custom="readingOrder {index:2;}">
          <Coords points="771,1041 784,1041 792,1033 806,1033 812,1043 840,1046 848,1043 915,1042 925,1032 944,1032 950,1041 1042,1039 1042,1083 1029,1084 1028,1083 953,1084 952,1084 772,1086"/>
          <TextEquiv conf="0.8341228">
            <Unicode>cleemoſynas,</Unicode>
          </TextEquiv>
        </Word>
        <Word id="region0001_line0013_word0003" custom="readingOrder {index:3;}">
          <Coords points="1128,1038 1050,1039 1051,1088 1072,1087 1079,1084 1091,1082 1128,1080"/>
          <TextEquiv conf="0.92445564">
            <Unicode>quæ</Unicode>
          </TextEquiv>
        </Word>
        <Word id="region0001_line0013_word0004" custom="readingOrder {index:4;}">
          <Coords points="1208,1042 1139,1043 1140,1083 1154,1082 1157,1081 1207,1079 1208,1078"/>
          <TextEquiv conf="0.9290953">
            <Unicode>pro</Unicode>
          </TextEquiv>
        </Word>
        <Word id="region0001_line0013_word0005" custom="readingOrder {index:5;}">
          <Coords points="1223,1028 1222,1035 1218,1036 1219,1071 1407,1070 1406,1036 1380,1034 1375,1037 1367,1027 1344,1027 1338,1035 1299,1036 1297,1028 1296,1028 1269,1028 1263,1035 1251,1035 1247,1028"/>
          <TextEquiv conf="0.9095284">
            <Unicode>defunctis</Unicode>
          </TextEquiv>
        </Word>
        <Word id="region0001_line0013_word0006" custom="readingOrder {index:6;}">
          <Coords points="1421,1028 1418,1031 1419,1070 1526,1069 1525,1033 1452,1035 1449,1028"/>
          <TextEquiv conf="0.73425275">
            <Unicode>fiunt.</Unicode>
          </TextEquiv>
        </Word>
        <TextEquiv>
          <Unicode>cesque &amp; cleemoſynas, quæ pro defunctis fiunt.</Unicode>
        </TextEquiv>
      </TextLine>
      <TextLine id="region0001_line0014" custom="readingOrder {index:13;}">
        <Coords points="1563,1076 1474,1080 1157,1082 1149,1089 1141,1089 1133,1082 1122,1082 1079,1085 1067,1092 1055,1085 1032,1087 1028,1084 953,1085 942,1092 935,1092 928,1086 669,1089 664,1094 656,1096 637,1089 440,1088 358,1098 357,1150 480,1151 656,1145 1003,1144 1143,1140 1590,1135 1591,1077"/>
        <Baseline points="357,1140 1590,1124"/>
        <Word id="region0001_line0014_word0000" custom="readingOrder {index:0;}">
          <Coords points="576,1099 380,1101 380,1139 479,1139 483,1139 576,1136"/>
          <TextEquiv conf="0.90422434">
            <Unicode>ALTER</Unicode>
          </TextEquiv>
        </Word>
        <Word id="region0001_line0014_word0001" custom="readingOrder {index:1;}">
          <Coords points="835,1099 601,1101 601,1138 656,1137 835,1136"/>
          <TextEquiv conf="0.9001645">
            <Unicode>TOMUS</Unicode>
          </TextEquiv>
        </Word>
        <Word id="region0001_line0014_word0002" custom="readingOrder {index:2;}">
          <Coords points="1120,1092 867,1094 867,1131 1007,1131 1120,1127"/>
          <TextEquiv conf="0.90590566">
            <Unicode>EVETERI</Unicode>
          </TextEquiv>
        </Word>
        <Word id="region0001_line0014_word0003" custom="readingOrder {index:3;}">
          <Coords points="1579,1090 1147,1094 1147,1128 1579,1124"/>
          <TextEquiv conf="0.8981722">
            <Unicode>TESTAMENTO.</Unicode>
          </TextEquiv>
        </Word>
        <TextEquiv>
          <Unicode>ALTER TOMUS EVETERI TESTAMENTO.</Unicode>
        </TextEquiv>
      </TextLine>
      <TextLine id="region0001_line0015" custom="readingOrder {index:14;}">
        <Coords points="1496,1137 1490,1148 1455,1149 1363,1150 1289,1143 1243,1145 1217,1151 1212,1143 1197,1141 1183,1142 1177,1151 1164,1151 1161,1142 1143,1141 1131,1145 1127,1151 795,1158 675,1159 673,1149 666,1146 649,1148 640,1158 611,1159 607,1149 589,1148 577,1160 553,1161 539,1161 537,1152 532,1149 518,1150 510,1155 485,1150 477,1153 475,1162 429,1160 422,1153 415,1152 357,1151 358,1208 935,1200 970,1201 973,1210 987,1211 997,1209 1001,1199 1081,1199 1085,1209 1105,1210 1111,1207 1113,1197 1434,1195 1439,1206 1456,1208 1464,1204 1466,1195 1591,1194 1590,1148 1571,1148 1566,1140 1552,1137 1538,1137 1531,1148 1517,1148 1513,1137"/>
        <Baseline points="358,1198 1591,1184"/>
        <Word id="region0001_line0015_word0000" custom="readingOrder {index:0;}">
          <Coords points="376,1155 377,1197 565,1195 564,1160 553,1161 539,1161 537,1153 512,1153 510,1155 503,1153 476,1153 475,1162 429,1160 423,1154"/>
          <TextEquiv conf="0.9044721">
            <Unicode>Paradiſus</Unicode>
          </TextEquiv>
        </Word>
        <Word id="region0001_line0015_word0001" custom="readingOrder {index:1;}">
          <Coords points="585,1151 582,1154 583,1193 683,1192 682,1158 675,1159 673,1151 645,1151 640,1158 611,1159 608,1151"/>
          <TextEquiv conf="0.89015">
            <Unicode>ſenſu</Unicode>
          </TextEquiv>
        </Word>
        <Word id="region0001_line0015_word0002" custom="readingOrder {index:2;}">
          <Coords points="700,1165 749,1165 749,1192 700,1192"/>
          <TextEquiv conf="0.875374">
            <Unicode>ne</Unicode>
          </TextEquiv>
        </Word>
        <Word id="region0001_line0015_word0003" custom="readingOrder {index:3;}">
          <Coords points="764,1164 814,1164 814,1190 764,1190"/>
          <TextEquiv conf="0.918351">
            <Unicode>an</Unicode>
          </TextEquiv>
        </Word>
        <Word id="region0001_line0015_word0004" custom="readingOrder {index:4;}">
          <Coords points="830,1162 960,1161 961,1189 831,1190"/>
          <TextEquiv conf="0.9196709">
            <Unicode>mente</Unicode>
          </TextEquiv>
        </Word>
        <Word id="region0001_line0015_word0005" custom="readingOrder {index:5;}">
          <Coords points="1129,1147 1127,1151 978,1154 979,1203 999,1202 1001,1199 1081,1199 1082,1202 1111,1202 1113,1197 1253,1196 1253,1147 1233,1147 1217,1151 1214,1147 1179,1147 1177,1151 1164,1151 1162,1147"/>
          <TextEquiv conf="0.7952649">
            <Unicode>perceptibilis:</Unicode>
          </TextEquiv>
        </Word>
        <Word id="region0001_line0015_word0006" custom="readingOrder {index:6;}">
          <Coords points="1269,1152 1311,1151 1312,1186 1270,1187"/>
          <TextEquiv conf="0.9283934">
            <Unicode>&amp;</Unicode>
          </TextEquiv>
        </Word>
        <Word id="region0001_line0015_word0007" custom="readingOrder {index:7;}">
          <Coords points="1491,1144 1490,1148 1455,1149 1363,1150 1327,1146 1327,1195 1434,1195 1435,1199 1465,1198 1466,1195 1582,1194 1582,1148 1571,1148 1568,1144 1533,1144 1531,1148 1517,1148 1515,1144"/>
          <TextEquiv conf="0.9008958">
            <Unicode>corruptibilis</Unicode>
          </TextEquiv>
        </Word>
        <TextEquiv>
          <Unicode>Paradiſus ſenſu ne an mente perceptibilis: &amp; corruptibilis</Unicode>
        </TextEquiv>
      </TextLine>
      <TextLine id="region0001_line0016" custom="readingOrder {index:15;}">
        <Coords points="918,1204 911,1213 892,1214 867,1214 860,1206 849,1206 842,1214 511,1217 506,1222 506,1241 513,1248 517,1259 566,1262 797,1259 808,1266 819,1264 825,1259 940,1256 996,1256 998,1264 1005,1266 1023,1254 1140,1254 1149,1253 1154,1248 1154,1217 1148,1211 936,1212 928,1204"/>
        <Baseline points="514,1250 1154,1243"/>
        <Word id="region0001_line0016_word0000" custom="readingOrder {index:0;}">
          <Coords points="554,1225 627,1225 627,1251 554,1251"/>
          <TextEquiv conf="0.6529653">
            <Unicode>ne</Unicode>
          </TextEquiv>
        </Word>
        <Word id="region0001_line0016_word0001" custom="readingOrder {index:1;}">
          <Coords points="635,1224 684,1223 684,1250 635,1251"/>
          <TextEquiv conf="0.86386675">
            <Unicode>an</Unicode>
          </TextEquiv>
        </Word>
        <Word id="region0001_line0016_word0002" custom="readingOrder {index:2;}">
          <Coords points="843,1213 842,1214 692,1215 692,1260 797,1259 803,1263 820,1263 825,1259 940,1256 946,1256 946,1212 912,1212 911,1213 892,1214 867,1214 866,1213"/>
          <TextEquiv conf="0.86386675">
            <Unicode>corruptionis</Unicode>
          </TextEquiv>
        </Word>
        <Word id="region0001_line0016_word0003" custom="readingOrder {index:3;}">
          <Coords points="1099,1218 957,1220 957,1256 996,1256 996,1258 1016,1258 1023,1254 1099,1254"/>
          <TextEquiv conf="0.8357176">
            <Unicode>expers.</Unicode>
          </TextEquiv>
        </Word>
        <TextEquiv>
          <Unicode>ne an corruptionis expers.</Unicode>
        </TextEquiv>
      </TextLine>
      <TextLine id="region0001_line0017" custom="readingOrder {index:16;}">
        <Coords points="503,1241 493,1248 492,1261 461,1262 451,1266 424,1261 357,1261 358,1321 448,1320 491,1323 604,1318 611,1328 626,1329 631,1326 633,1318 885,1315 890,1319 900,1319 906,1315 966,1313 1222,1310 1226,1313 1236,1313 1256,1309 1260,1320 1278,1323 1286,1319 1288,1310 1591,1308 1590,1250 1553,1249 1539,1259 1505,1262 1487,1262 1482,1255 1470,1253 1462,1263 1437,1263 1432,1250 1420,1250 1412,1255 1410,1264 1262,1266 1223,1263 1129,1265 1122,1256 1112,1256 1103,1265 1032,1267 1030,1258 1023,1255 1005,1267 971,1268 964,1260 921,1257 910,1267 895,1268 892,1268 885,1259 874,1259 867,1267 850,1260 825,1260 819,1265 808,1267 797,1260 788,1263 748,1260 737,1262 732,1268 726,1264 714,1264 707,1271 698,1272 658,1272 650,1264 641,1264 629,1273 623,1263 611,1262 606,1263 596,1273 570,1273 569,1265 565,1262 517,1260 510,1245"/>
        <Baseline points="358,1311 1591,1298"/>
        <Word id="region0001_line0017_word0000" custom="readingOrder {index:0;}">
          <Coords points="377,1299 495,1298 494,1254 492,1254 492,1261 461,1262 451,1266 424,1261 376,1261"/>
          <TextEquiv conf="0.87917566">
            <Unicode>Illud,</Unicode>
          </TextEquiv>
        </Word>
        <Word id="region0001_line0017_word0001" custom="readingOrder {index:1;}">
          <Coords points="506,1253 507,1305 725,1303 724,1264 714,1264 707,1271 698,1272 658,1272 650,1264 641,1264 629,1273 623,1263 611,1262 606,1263 596,1273 570,1273 569,1265 565,1262 517,1260 513,1252"/>
          <TextEquiv conf="0.9136011">
            <Unicode>Conſpicati</Unicode>
          </TextEquiv>
        </Word>
        <Word id="region0001_line0017_word0002" custom="readingOrder {index:2;}">
          <Coords points="735,1291 799,1290 798,1260 797,1260 788,1263 748,1260 737,1262 734,1265"/>
          <TextEquiv conf="0.71207184">
            <Unicode>filii</Unicode>
          </TextEquiv>
        </Word>
        <Word id="region0001_line0017_word0003" custom="readingOrder {index:3;}">
          <Coords points="808,1291 885,1290 884,1259 874,1259 867,1267 850,1260 825,1260 819,1265 808,1267 807,1267"/>
          <TextEquiv conf="0.7960444">
            <Unicode>Dei,</Unicode>
          </TextEquiv>
        </Word>
        <Word id="region0001_line0017_word0004" custom="readingOrder {index:4;}">
          <Coords points="915,1288 1003,1287 1002,1267 971,1268 964,1260 921,1257 914,1263"/>
          <TextEquiv conf="0.90085924">
            <Unicode>filias</Unicode>
          </TextEquiv>
        </Word>
        <Word id="region0001_line0017_word0005" custom="readingOrder {index:5;}">
          <Coords points="1013,1289 1239,1287 1238,1264 1223,1263 1129,1265 1122,1256 1112,1256 1103,1265 1032,1267 1030,1258 1023,1255 1012,1262"/>
          <TextEquiv conf="0.8911412">
            <Unicode>hominum,</Unicode>
          </TextEquiv>
        </Word>
        <Word id="region0001_line0017_word0006" custom="readingOrder {index:6;}">
          <Coords points="1253,1297 1457,1295 1456,1263 1437,1263 1432,1250 1420,1250 1412,1255 1410,1264 1262,1266 1252,1265"/>
          <TextEquiv conf="0.40788898">
            <Unicode>quomodo</Unicode>
          </TextEquiv>
        </Word>
        <Word id="region0001_line0017_word0007" custom="readingOrder {index:7;}">
          <Coords points="1469,1282 1580,1281 1579,1249 1553,1249 1539,1259 1505,1262 1487,1262 1482,1255 1470,1253 1468,1255"/>
          <TextEquiv conf="0.9002235">
            <Unicode>intel-</Unicode>
          </TextEquiv>
        </Word>
        <TextEquiv>
          <Unicode>Illud, Conſpicati filii Dei, filias hominum, quomodo intel-</Unicode>
        </TextEquiv>
      </TextLine>
      <TextLine id="region0001_line0018" custom="readingOrder {index:17;}">
        <Coords points="694,1317 689,1320 686,1327 678,1328 613,1330 604,1322 595,1322 592,1319 524,1324 516,1338 516,1370 521,1375 596,1377 601,1386 622,1387 638,1377 712,1372 816,1372 842,1368 846,1364 846,1332 841,1327 714,1327 710,1318"/>
        <Baseline points="516,1365 846,1360"/>
        <Word id="region0001_line0018_word0000" custom="readingOrder {index:0;}">
          <Coords points="577,1327 577,1376 596,1377 598,1380 632,1380 638,1377 712,1372 788,1372 788,1327 714,1327 713,1325 686,1325 686,1327 678,1328 613,1330 609,1326"/>
          <TextEquiv conf="0.8892939">
            <Unicode>ligendum.</Unicode>
          </TextEquiv>
        </Word>
        <TextEquiv>
          <Unicode>ligendum.</Unicode>
        </TextEquiv>
      </TextLine>
      <TextLine id="region0001_line0019" custom="readingOrder {index:18;}">
        <Coords points="1279,1363 1267,1376 1240,1377 1176,1378 1169,1366 1153,1367 1148,1378 1087,1378 1080,1367 1066,1367 1060,1372 1059,1379 1052,1381 990,1380 988,1372 983,1368 966,1371 962,1381 901,1380 895,1373 883,1373 874,1380 853,1381 851,1374 843,1368 820,1372 815,1381 771,1382 764,1381 753,1373 712,1373 686,1374 676,1383 622,1388 586,1386 584,1380 577,1376 567,1377 562,1385 486,1387 445,1386 443,1375 431,1371 357,1373 358,1431 469,1433 617,1430 621,1440 637,1442 645,1438 647,1429 670,1428 923,1429 1049,1423 1345,1421 1414,1425 1503,1422 1505,1430 1511,1435 1531,1433 1535,1420 1591,1421 1590,1377 1374,1375 1367,1367 1357,1367 1350,1375 1303,1377 1297,1365"/>
        <Baseline points="358,1422 1591,1411"/>
        <Word id="region0001_line0019_word0000" custom="readingOrder {index:0;}">
          <Coords points="380,1379 381,1418 460,1417 459,1386 445,1386 443,1378"/>
          <TextEquiv conf="0.90925354">
            <Unicode>Cur</Unicode>
          </TextEquiv>
        </Word>
        <Word id="region0001_line0019_word0001" custom="readingOrder {index:1;}">
          <Coords points="599,1386 586,1386 584,1380 577,1376 567,1377 562,1385 486,1387 484,1386 484,1432 599,1430"/>
          <TextEquiv conf="0.91670394">
            <Unicode>omnia</Unicode>
          </TextEquiv>
        </Word>
        <Word id="region0001_line0019_word0002" custom="readingOrder {index:2;}">
          <Coords points="694,1428 694,1388 613,1389 613,1429 660,1428 670,1428 688,1428"/>
          <TextEquiv conf="0.9185429">
            <Unicode>quæ</Unicode>
          </TextEquiv>
        </Word>
        <Word id="region0001_line0019_word0003" custom="readingOrder {index:3;}">
          <Coords points="703,1377 704,1417 810,1416 809,1381 771,1382 764,1381 757,1376"/>
          <TextEquiv conf="0.9108033">
            <Unicode>Deus</Unicode>
          </TextEquiv>
        </Word>
        <Word id="region0001_line0019_word0004" custom="readingOrder {index:4;}">
          <Coords points="822,1373 823,1418 924,1417 923,1380 901,1380 895,1373 883,1373 874,1380 853,1381 851,1374 849,1372"/>
          <TextEquiv conf="0.7988388">
            <Unicode>fecit,</Unicode>
          </TextEquiv>
        </Word>
        <Word id="region0001_line0019_word0005" custom="readingOrder {index:5;}">
          <Coords points="965,1373 962,1381 934,1381 935,1414 1151,1412 1150,1373 1148,1378 1087,1378 1083,1372 1060,1372 1060,1372 1059,1379 1052,1381 990,1380 988,1372"/>
          <TextEquiv conf="0.89790833">
            <Unicode>admodum</Unicode>
          </TextEquiv>
        </Word>
        <Word id="region0001_line0019_word0006" custom="readingOrder {index:6;}">
          <Coords points="1157,1372 1158,1412 1262,1411 1261,1376 1240,1377 1176,1378 1172,1371"/>
          <TextEquiv conf="0.856538">
            <Unicode>bona</Unicode>
          </TextEquiv>
        </Word>
        <Word id="region0001_line0019_word0007" custom="readingOrder {index:7;}">
          <Coords points="1273,1369 1273,1369 1274,1413 1427,1411 1426,1375 1374,1375 1368,1368 1356,1368 1350,1375 1303,1377 1299,1369"/>
          <TextEquiv conf="0.856538">
            <Unicode>fuerint,</Unicode>
          </TextEquiv>
        </Word>
        <Word id="region0001_line0019_word0008" custom="readingOrder {index:8;}">
          <Coords points="1435,1379 1504,1379 1505,1407 1436,1407"/>
          <TextEquiv conf="0.92488205">
            <Unicode>cur</Unicode>
          </TextEquiv>
        </Word>
        <Word id="region0001_line0019_word0009" custom="readingOrder {index:9;}">
          <Coords points="1512,1378 1581,1377 1582,1419 1513,1420"/>
          <TextEquiv conf="0.9292139">
            <Unicode>po-</Unicode>
          </TextEquiv>
        </Word>
        <TextEquiv>
          <Unicode>Cur omnia quæ Deus fecit, admodum bona fuerint, cur po-</Unicode>
        </TextEquiv>
      </TextLine>
      <TextLine id="region0001_line0020" custom="readingOrder {index:19;}">
        <Coords points="1049,1424 1042,1426 1034,1437 1020,1437 1012,1428 1000,1430 996,1437 895,1437 887,1430 878,1430 872,1434 832,1432 827,1435 804,1437 797,1431 788,1431 781,1439 773,1440 692,1441 689,1431 670,1429 666,1431 664,1441 637,1443 608,1439 602,1431 537,1434 513,1441 512,1475 520,1485 536,1487 707,1486 709,1496 721,1499 734,1497 738,1486 922,1484 927,1495 941,1496 948,1494 952,1485 958,1483 1326,1478 1331,1473 1331,1441 1326,1436 1242,1434 1235,1426 1225,1426 1219,1433 1072,1435 1066,1425"/>
        <Baseline points="513,1476 1331,1468"/>
        <Word id="region0001_line0020_word0000" custom="readingOrder {index:0;}">
          <Coords points="577,1437 577,1477 652,1476 652,1441 637,1443 608,1439 606,1436"/>
          <TextEquiv conf="0.9258903">
            <Unicode>ſtea</Unicode>
          </TextEquiv>
        </Word>
        <Word id="region0001_line0020_word0001" custom="readingOrder {index:1;}">
          <Coords points="666,1433 666,1474 703,1474 703,1440 692,1441 689,1433"/>
          <TextEquiv conf="0.88406104">
            <Unicode>de</Unicode>
          </TextEquiv>
        </Word>
        <Word id="region0001_line0020_word0002" custom="readingOrder {index:2;}">
          <Coords points="815,1437 782,1437 781,1439 773,1440 716,1440 716,1489 736,1488 738,1486 815,1485"/>
          <TextEquiv conf="0.9270404">
            <Unicode>puris</Unicode>
          </TextEquiv>
        </Word>
        <Word id="region0001_line0020_word0003" custom="readingOrder {index:3;}">
          <Coords points="836,1438 853,1438 853,1473 836,1473"/>
          <TextEquiv conf="0.9065186">
            <Unicode>&amp;</Unicode>
          </TextEquiv>
        </Word>
        <Word id="region0001_line0020_word0004" custom="readingOrder {index:4;}">
          <Coords points="877,1436 877,1484 922,1484 923,1486 952,1486 952,1485 958,1483 1029,1482 1029,1437 1020,1437 1018,1435 997,1435 996,1437 895,1437 894,1436"/>
          <TextEquiv conf="0.9038589">
            <Unicode>impuris</Unicode>
          </TextEquiv>
        </Word>
        <Word id="region0001_line0020_word0005" custom="readingOrder {index:5;}">
          <Coords points="1039,1430 1039,1430 1039,1470 1105,1469 1105,1435 1072,1435 1069,1430"/>
          <TextEquiv conf="0.892122">
            <Unicode>fiat</Unicode>
          </TextEquiv>
        </Word>
        <Word id="region0001_line0020_word0006" custom="readingOrder {index:6;}">
          <Coords points="1172,1433 1115,1434 1115,1470 1272,1469 1272,1434 1242,1434 1241,1433"/>
          <TextEquiv conf="0.9273297">
            <Unicode>mentio.</Unicode>
          </TextEquiv>
        </Word>
        <TextEquiv>
          <Unicode>ſtea de puris &amp; impuris fiat mentio.</Unicode>
        </TextEquiv>
      </TextLine>
      <TextLine id="region0001_line0021" custom="readingOrder {index:20;}">
        <Coords points="357,1486 358,1547 596,1541 652,1543 906,1541 948,1542 953,1546 964,1546 969,1542 1064,1540 1069,1551 1083,1553 1091,1550 1097,1538 1423,1535 1457,1536 1467,1544 1476,1544 1484,1537 1591,1534 1590,1488 1568,1488 1567,1480 1562,1475 1500,1476 1493,1480 1491,1488 1487,1488 1479,1478 1467,1479 1463,1488 1246,1490 1239,1483 1229,1483 1222,1490 1057,1493 984,1486 942,1497 826,1497 816,1496 809,1488 798,1488 792,1496 744,1497 725,1500 698,1498 692,1487 676,1487 672,1490 671,1498 643,1498 634,1491 626,1491 619,1499 515,1499 508,1486 492,1485 481,1491 469,1490 462,1498 422,1498 421,1491 416,1487"/>
        <Baseline points="358,1537 1591,1525"/>
        <Word id="region0001_line0021_word0000" custom="readingOrder {index:0;}">
          <Coords points="377,1493 378,1535 591,1533 590,1499 515,1499 511,1491 467,1492 462,1498 422,1498 421,1492"/>
          <TextEquiv conf="0.88557214">
            <Unicode>Sacrificare</Unicode>
          </TextEquiv>
        </Word>
        <Word id="region0001_line0021_word0001" custom="readingOrder {index:1;}">
          <Coords points="625,1491 619,1499 601,1499 602,1531 753,1530 752,1496 744,1497 725,1500 698,1498 694,1491 671,1491 671,1498 643,1498 634,1491"/>
          <TextEquiv conf="0.89429635">
            <Unicode>vitulam</Unicode>
          </TextEquiv>
        </Word>
        <Word id="region0001_line0021_word0002" custom="readingOrder {index:2;}">
          <Coords points="795,1492 792,1496 763,1497 764,1534 966,1533 965,1491 965,1491 942,1497 826,1497 816,1496 812,1492"/>
          <TextEquiv conf="0.92343324">
            <Unicode>triennem,</Unicode>
          </TextEquiv>
        </Word>
        <Word id="region0001_line0021_word0003" custom="readingOrder {index:3;}">
          <Coords points="977,1490 1017,1490 1018,1526 978,1526"/>
          <TextEquiv conf="0.929315">
            <Unicode>&amp;</Unicode>
          </TextEquiv>
        </Word>
        <Word id="region0001_line0021_word0004" custom="readingOrder {index:4;}">
          <Coords points="1183,1498 1028,1499 1028,1540 1096,1539 1097,1538 1183,1537"/>
          <TextEquiv conf="0.9228995">
            <Unicode>capram</Unicode>
          </TextEquiv>
        </Word>
        <Word id="region0001_line0021_word0005" custom="readingOrder {index:5;}">
          <Coords points="1223,1488 1222,1490 1192,1490 1193,1526 1383,1524 1382,1488 1246,1490 1244,1488"/>
          <TextEquiv conf="0.9021332">
            <Unicode>triennem</Unicode>
          </TextEquiv>
        </Word>
        <Word id="region0001_line0021_word0006" custom="readingOrder {index:6;}">
          <Coords points="1393,1493 1460,1492 1461,1523 1394,1524"/>
          <TextEquiv>
            <Unicode>cur</Unicode>
          </TextEquiv>
        </Word>
        <Word id="region0001_line0021_word0007" custom="readingOrder {index:7;}">
          <Coords points="1470,1483 1471,1534 1580,1533 1579,1488 1568,1488 1567,1482 1492,1482 1491,1488 1487,1488 1482,1482"/>
          <TextEquiv conf="0.84728974">
            <Unicode>juſſus</Unicode>
          </TextEquiv>
        </Word>
        <TextEquiv>
          <Unicode>Sacrificare vitulam triennem, &amp; capram triennem cur juſſus</Unicode>
        </TextEquiv>
      </TextLine>
      <TextLine id="region0001_line0022" custom="readingOrder {index:21;}">
        <Coords points="585,1542 558,1544 555,1559 520,1561 517,1565 518,1598 523,1602 922,1598 973,1596 979,1589 979,1558 973,1553 845,1554 835,1553 833,1545 828,1542 812,1543 808,1553 768,1552 756,1542 746,1543 740,1547 735,1544 722,1544 705,1553 683,1554 673,1552 663,1544"/>
        <Baseline points="518,1592 979,1584"/>
        <Word id="region0001_line0022_word0000" custom="readingOrder {index:0;}">
          <Coords points="581,1552 603,1552 603,1593 581,1593"/>
          <TextEquiv conf="0.7852342">
            <Unicode>à</Unicode>
          </TextEquiv>
        </Word>
        <Word id="region0001_line0022_word0001" custom="readingOrder {index:1;}">
          <Coords points="614,1554 614,1595 701,1594 701,1553 683,1554 679,1553"/>
          <TextEquiv conf="0.9052029">
            <Unicode>Deo</Unicode>
          </TextEquiv>
        </Word>
        <Word id="region0001_line0022_word0002" custom="readingOrder {index:2;}">
          <Coords points="711,1550 711,1591 920,1589 920,1553 845,1554 835,1553 833,1548 809,1549 808,1553 768,1552 764,1549"/>
          <TextEquiv conf="0.9080922">
            <Unicode>Abraham.</Unicode>
          </TextEquiv>
        </Word>
        <TextEquiv>
          <Unicode>à Deo Abraham.</Unicode>
        </TextEquiv>
      </TextLine>
      <TextLine id="region0001_line0023" custom="readingOrder {index:22;}">
        <Coords points="364,1599 357,1600 358,1657 362,1658 674,1657 691,1658 697,1665 708,1665 715,1658 738,1657 1073,1654 1085,1646 1085,1614 1080,1609 943,1609 936,1598 918,1599 915,1609 906,1610 878,1608 866,1599 851,1600 846,1604 841,1600 831,1600 826,1604 790,1610 783,1609 780,1603 774,1599 745,1601 734,1612 718,1612 710,1604 700,1604 695,1612 625,1613 619,1606 606,1605 602,1602 587,1602 584,1611 575,1603 564,1604 559,1611 450,1612 447,1602 439,1598"/>
        <Baseline points="358,1648 1085,1644"/>
        <Word id="region0001_line0023_word0000" custom="readingOrder {index:0;}">
          <Coords points="378,1609 379,1651 616,1649 615,1607 585,1607 584,1611 579,1607 561,1607 559,1611 450,1612 448,1608"/>
          <TextEquiv conf="0.90618205">
            <Unicode>Circumcidi</Unicode>
          </TextEquiv>
        </Word>
        <Word id="region0001_line0023_word0001" custom="readingOrder {index:1;}">
          <Coords points="625,1620 692,1619 692,1645 625,1646"/>
          <TextEquiv conf="0.9172546">
            <Unicode>cur</Unicode>
          </TextEquiv>
        </Word>
        <Word id="region0001_line0023_word0002" custom="readingOrder {index:2;}">
          <Coords points="700,1606 701,1654 807,1653 806,1607 790,1610 783,1609 781,1605 740,1605 734,1612 718,1612 711,1605"/>
          <TextEquiv conf="0.88737166">
            <Unicode>juſſus</Unicode>
          </TextEquiv>
        </Word>
        <Word id="region0001_line0023_word0003" custom="readingOrder {index:3;}">
          <Coords points="826,1604 826,1604 817,1605 818,1646 1025,1644 1024,1609 943,1609 939,1603 917,1603 915,1609 906,1610 878,1608 872,1603 846,1604 846,1604 846,1604"/>
          <TextEquiv conf="0.91971016">
            <Unicode>Abraham.</Unicode>
          </TextEquiv>
        </Word>
        <TextEquiv>
          <Unicode>Circumcidi cur juſſus Abraham.</Unicode>
        </TextEquiv>
      </TextLine>
      <TextLine id="region0001_line0024" custom="readingOrder {index:23;}">
        <Coords points="1309,1648 1301,1653 1299,1663 1104,1665 1092,1664 1085,1656 1075,1656 1067,1666 1032,1667 961,1666 950,1656 938,1655 873,1656 869,1658 867,1668 761,1669 760,1661 755,1657 735,1659 733,1670 681,1669 677,1659 659,1658 655,1660 653,1669 626,1671 619,1662 608,1662 601,1669 556,1668 552,1658 543,1657 457,1658 453,1660 450,1668 440,1660 358,1658 357,1717 442,1715 475,1717 479,1720 505,1718 514,1719 523,1727 540,1728 575,1726 593,1715 837,1716 1110,1711 1114,1714 1148,1711 1149,1718 1155,1723 1175,1723 1180,1718 1182,1710 1194,1709 1419,1707 1465,1707 1467,1716 1473,1721 1521,1721 1530,1719 1532,1711 1536,1708 1590,1707 1591,1661 1494,1660 1486,1652 1475,1653 1469,1649 1445,1649 1436,1656 1426,1658 1387,1661 1380,1652 1367,1650 1357,1662 1328,1662 1327,1653 1323,1648"/>
        <Baseline points="358,1707 533,1711 604,1705 1591,1697"/>
        <Word id="region0001_line0024_word0000" custom="readingOrder {index:0;}">
          <Coords points="380,1666 380,1712 493,1711 493,1665 450,1665 450,1668 446,1665"/>
          <TextEquiv conf="0.74879855">
            <Unicode>Illud,</Unicode>
          </TextEquiv>
        </Word>
        <Word id="region0001_line0024_word0001" custom="readingOrder {index:1;}">
          <Coords points="509,1665 509,1718 513,1718 588,1718 590,1716 590,1668 556,1668 554,1664"/>
          <TextEquiv conf="0.8961645">
            <Unicode>Ego</Unicode>
          </TextEquiv>
        </Word>
        <Word id="region0001_line0024_word0002" custom="readingOrder {index:2;}">
          <Coords points="608,1663 608,1706 796,1704 796,1668 761,1669 760,1661 734,1661 733,1670 681,1669 678,1662 654,1662 653,1669 626,1671 619,1662"/>
          <TextEquiv conf="0.91174775">
            <Unicode>indurabo</Unicode>
          </TextEquiv>
        </Word>
        <Word id="region0001_line0024_word0003" custom="readingOrder {index:3;}">
          <Coords points="812,1676 880,1675 880,1704 812,1705"/>
          <TextEquiv conf="0.91957426">
            <Unicode>cor</Unicode>
          </TextEquiv>
        </Word>
        <Word id="region0001_line0024_word0004" custom="readingOrder {index:4;}">
          <Coords points="894,1661 894,1704 1128,1702 1128,1664 1104,1665 1092,1664 1087,1659 1072,1659 1067,1666 1032,1667 961,1666 954,1660"/>
          <TextEquiv conf="0.84575135">
            <Unicode>Pharaonis,</Unicode>
          </TextEquiv>
        </Word>
        <Word id="region0001_line0024_word0005" custom="readingOrder {index:5;}">
          <Coords points="1301,1655 1299,1663 1145,1665 1145,1711 1182,1711 1182,1710 1194,1709 1350,1708 1350,1662 1328,1662 1327,1655"/>
          <TextEquiv conf="0.9047582">
            <Unicode>quomodo</Unicode>
          </TextEquiv>
        </Word>
        <Word id="region0001_line0024_word0006" custom="readingOrder {index:6;}">
          <Coords points="1365,1657 1365,1707 1419,1707 1465,1707 1465,1711 1532,1710 1536,1708 1581,1707 1581,1660 1494,1660 1489,1655 1434,1656 1426,1658 1387,1661 1383,1656"/>
          <TextEquiv conf="0.9120219">
            <Unicode>intelligen-</Unicode>
          </TextEquiv>
        </Word>
        <TextEquiv>
          <Unicode>Illud, Ego indurabo cor Pharaonis, quomodo intelligen-</Unicode>
        </TextEquiv>
      </TextLine>
      <TextLine id="region0001_line0025" custom="readingOrder {index:24;}">
        <Coords points="593,1716 588,1719 586,1727 520,1734 517,1738 518,1767 539,1772 599,1773 606,1780 614,1780 620,1773 723,1771 741,1769 746,1764 746,1732 741,1727 614,1726 607,1716"/>
        <Baseline points="518,1762 746,1760"/>
        <Word id="region0001_line0025_word0000" custom="readingOrder {index:0;}">
          <Coords points="587,1722 586,1727 582,1727 582,1771 688,1770 688,1726 614,1726 611,1722"/>
          <TextEquiv conf="0.913954">
            <Unicode>dum.</Unicode>
          </TextEquiv>
        </Word>
        <TextEquiv>
          <Unicode>dum.</Unicode>
        </TextEquiv>
      </TextLine>
      <TextLine id="region0001_line0026" custom="readingOrder {index:25;}">
        <Coords points="358,1771 357,1830 501,1830 508,1824 524,1825 530,1830 891,1824 906,1825 912,1836 921,1838 929,1836 938,1825 1090,1822 1099,1820 1104,1815 1104,1783 1099,1778 982,1779 980,1770 974,1767 908,1769 887,1777 776,1780 770,1768 756,1767 742,1782 538,1784 536,1775 529,1772 517,1772 505,1784 481,1784 448,1783 440,1775 426,1771"/>
        <Baseline points="358,1821 1104,1811"/>
        <Word id="region0001_line0026_word0000" custom="readingOrder {index:0;}">
          <Coords points="383,1783 383,1822 500,1821 500,1784 481,1784 448,1783 447,1782"/>
          <TextEquiv conf="0.9055423">
            <Unicode>Diem</Unicode>
          </TextEquiv>
        </Word>
        <Word id="region0001_line0026_word0001" custom="readingOrder {index:1;}">
          <Coords points="510,1779 510,1818 614,1817 614,1783 538,1784 536,1778"/>
          <TextEquiv conf="0.9018268">
            <Unicode>ſuum</Unicode>
          </TextEquiv>
        </Word>
        <Word id="region0001_line0026_word0002" custom="readingOrder {index:2;}">
          <Coords points="624,1790 691,1789 691,1816 624,1817"/>
          <TextEquiv conf="0.9062065">
            <Unicode>cur</Unicode>
          </TextEquiv>
        </Word>
        <Word id="region0001_line0026_word0003" custom="readingOrder {index:3;}">
          <Coords points="748,1774 742,1782 700,1782 700,1817 908,1815 908,1773 897,1773 887,1777 776,1780 773,1774"/>
          <TextEquiv conf="0.90187436">
            <Unicode>exſecretur</Unicode>
          </TextEquiv>
        </Word>
        <Word id="region0001_line0026_word0004" custom="readingOrder {index:4;}">
          <Coords points="916,1774 916,1830 934,1829 938,1825 1045,1822 1045,1778 982,1779 980,1773"/>
          <TextEquiv conf="0.91940826">
            <Unicode>Jobus.</Unicode>
          </TextEquiv>
        </Word>
        <TextEquiv>
          <Unicode>Diem ſuum cur exſecretur Jobus.</Unicode>
        </TextEquiv>
      </TextLine>
      <TextLine id="region0001_line0027" custom="readingOrder {index:26;}">
        <Coords points="508,1825 501,1831 507,1837 506,1842 480,1842 477,1832 470,1829 457,1830 453,1840 443,1833 433,1830 357,1831 358,1886 577,1887 942,1882 980,1885 987,1894 995,1896 1007,1895 1021,1885 1093,1880 1098,1892 1116,1894 1121,1890 1123,1881 1501,1877 1516,1865 1516,1833 1510,1828 1441,1829 1434,1828 1426,1821 1417,1822 1410,1830 1335,1829 1329,1820 1315,1818 1308,1821 1300,1831 1273,1833 1267,1821 1251,1820 1246,1824 1245,1833 1083,1836 1068,1836 1061,1828 1038,1825 1033,1827 1028,1836 994,1837 955,1837 950,1828 938,1827 929,1837 921,1839 795,1838 788,1837 780,1830 771,1827 715,1828 701,1829 696,1838 691,1840 609,1842 533,1841 530,1831 526,1827"/>
        <Baseline points="358,1878 1515,1866"/>
        <Word id="region0001_line0027_word0000" custom="readingOrder {index:0;}">
          <Coords points="382,1877 568,1875 567,1841 533,1841 530,1831 526,1827 508,1825 501,1831 507,1837 506,1842 480,1842 477,1832 470,1829 457,1830 453,1840 443,1833 433,1830 381,1830"/>
          <TextEquiv conf="0.913843">
            <Unicode>Diabolus</Unicode>
          </TextEquiv>
        </Word>
        <Word id="region0001_line0027_word0001" custom="readingOrder {index:1;}">
          <Coords points="579,1846 710,1845 710,1872 579,1873"/>
          <TextEquiv conf="0.9168141">
            <Unicode>coram</Unicode>
          </TextEquiv>
        </Word>
        <Word id="region0001_line0027_word0002" custom="readingOrder {index:2;}">
          <Coords points="724,1833 724,1872 814,1871 814,1838 795,1838 788,1837 782,1832"/>
          <TextEquiv conf="0.9168141">
            <Unicode>Deo</Unicode>
          </TextEquiv>
        </Word>
        <Word id="region0001_line0027_word0003" custom="readingOrder {index:3;}">
          <Coords points="825,1843 914,1842 914,1868 825,1869"/>
          <TextEquiv conf="0.9052581">
            <Unicode>cum</Unicode>
          </TextEquiv>
        </Word>
        <Word id="region0001_line0027_word0004" custom="readingOrder {index:4;}">
          <Coords points="936,1828 929,1837 923,1838 923,1882 942,1882 952,1882 1062,1882 1076,1881 1076,1836 1068,1836 1061,1828 1032,1828 1028,1836 994,1837 955,1837 950,1828"/>
          <TextEquiv conf="0.9052581">
            <Unicode>Angelis</Unicode>
          </TextEquiv>
        </Word>
        <Word id="region0001_line0027_word0005" custom="readingOrder {index:5;}">
          <Coords points="1246,1826 1245,1833 1088,1836 1089,1880 1093,1880 1094,1882 1123,1882 1123,1881 1293,1879 1292,1832 1273,1833 1270,1826"/>
          <TextEquiv conf="0.9251735">
            <Unicode>quomodo</Unicode>
          </TextEquiv>
        </Word>
        <Word id="region0001_line0027_word0006" custom="readingOrder {index:6;}">
          <Coords points="1304,1825 1302,1828 1303,1868 1454,1866 1453,1828 1441,1829 1434,1828 1429,1824 1414,1824 1410,1830 1335,1829 1332,1825"/>
          <TextEquiv conf="0.91821474">
            <Unicode>ſteterit.</Unicode>
          </TextEquiv>
        </Word>
        <TextEquiv>
          <Unicode>Diabolus coram Deo cum Angelis quomodo ſteterit.</Unicode>
        </TextEquiv>
      </TextLine>
      <TextLine id="region0001_line0028" custom="readingOrder {index:27;}">
        <Coords points="358,1887 357,1944 805,1942 911,1935 933,1936 938,1944 949,1945 958,1943 962,1936 997,1934 1054,1939 1060,1943 1068,1943 1075,1938 1162,1931 1167,1926 1167,1900 1162,1895 1085,1896 1082,1887 1076,1882 1042,1884 1035,1896 1014,1892 1007,1896 995,1897 952,1897 950,1886 942,1883 932,1884 925,1896 900,1896 898,1886 893,1883 878,1884 875,1896 845,1896 839,1888 827,1888 820,1896 797,1896 795,1887 789,1883 759,1885 749,1897 745,1896 741,1886 721,1885 717,1886 709,1897 667,1898 666,1889 661,1885 612,1887 607,1891 598,1892 594,1898 563,1898 557,1890 547,1889 539,1898 525,1899 513,1897 503,1890 491,1887 440,1889"/>
        <Baseline points="358,1935 1073,1928 1167,1921"/>
        <Word id="region0001_line0028_word0000" custom="readingOrder {index:0;}">
          <Coords points="380,1899 437,1898 437,1938 380,1939"/>
          <TextEquiv conf="0.923184">
            <Unicode>Ex</Unicode>
          </TextEquiv>
        </Word>
        <Word id="region0001_line0028_word0001" custom="readingOrder {index:1;}">
          <Coords points="447,1898 447,1937 611,1936 611,1897 595,1897 594,1898 563,1898 562,1897 540,1897 539,1898 525,1899 516,1898"/>
          <TextEquiv conf="0.9214865">
            <Unicode>Maximi</Unicode>
          </TextEquiv>
        </Word>
        <Word id="region0001_line0028_word0002" custom="readingOrder {index:2;}">
          <Coords points="621,1894 621,1936 856,1934 856,1896 845,1896 842,1892 823,1892 820,1896 797,1896 796,1892 752,1892 749,1897 745,1896 743,1892 711,1893 709,1897 667,1898 666,1893"/>
          <TextEquiv conf="0.9229432">
            <Unicode>Confeſſoris</Unicode>
          </TextEquiv>
        </Word>
        <Word id="region0001_line0028_word0003" custom="readingOrder {index:3;}">
          <Coords points="876,1891 875,1896 872,1896 872,1937 911,1935 933,1936 934,1938 960,1938 962,1936 992,1934 992,1897 952,1897 950,1891 927,1891 925,1896 900,1896 899,1891"/>
          <TextEquiv>
            <Unicode>ἀπόϱων</Unicode>
          </TextEquiv>
        </Word>
        <Word id="region0001_line0028_word0004" custom="readingOrder {index:4;}">
          <Coords points="1037,1891 1035,1896 1014,1892 1012,1893 1012,1935 1018,1935 1110,1935 1110,1895 1085,1896 1083,1891"/>
          <TextEquiv>
            <Unicode>λύϚϵι.</Unicode>
          </TextEquiv>
        </Word>
        <TextEquiv>
          <Unicode>Ex Maximi Confeſſoris ἀπόϱων λύϚϵι.</Unicode>
        </TextEquiv>
      </TextLine>
      <TextLine id="region0001_line0029" custom="readingOrder {index:28;}">
        <Coords points="1103,1936 1075,1939 1068,1944 1067,1952 1006,1951 995,1938 982,1939 978,1952 961,1952 957,1945 948,1945 941,1946 938,1952 913,1953 859,1952 853,1950 849,1942 824,1942 816,1952 783,1954 778,1946 766,1944 758,1954 725,1955 714,1954 708,1944 692,1944 686,1954 658,1954 656,1947 648,1943 580,1944 569,1947 563,1954 546,1954 536,1945 491,1945 481,1947 475,1956 445,1956 444,1948 438,1944 357,1945 358,2001 661,2000 681,2010 689,1999 834,1998 862,2001 864,2008 870,2010 897,2008 903,2001 956,1997 1005,1996 1007,2006 1015,2008 1030,2006 1036,1996 1272,1994 1276,2004 1288,2006 1299,2004 1302,1995 1306,1993 1457,1992 1464,1999 1471,1999 1478,1994 1492,1994 1496,2003 1513,2005 1521,2001 1523,1993 1591,1991 1591,1947 1397,1945 1247,1949 1244,1940 1239,1936 1222,1939 1218,1949 1197,1950 1191,1948 1190,1942 1185,1937 1171,1937 1165,1946 1160,1940 1153,1937"/>
        <Baseline points="358,1991 1591,1981"/>
        <Word id="region0001_line0029_word0000" custom="readingOrder {index:0;}">
          <Coords points="381,1955 381,1996 486,1995 486,1954 476,1954 475,1956 445,1956 444,1954"/>
          <TextEquiv conf="0.92489624">
            <Unicode>Cum</Unicode>
          </TextEquiv>
        </Word>
        <Word id="region0001_line0029_word0001" custom="readingOrder {index:1;}">
          <Coords points="496,1954 496,1995 579,1994 579,1953 564,1953 563,1954 546,1954 545,1953"/>
          <TextEquiv conf="0.90396017">
            <Unicode>Rex</Unicode>
          </TextEquiv>
        </Word>
        <Word id="region0001_line0029_word0002" custom="readingOrder {index:2;}">
          <Coords points="588,1952 588,2000 661,2000 669,2004 685,2004 689,1999 793,1998 793,1953 783,1954 780,1950 760,1950 758,1954 725,1955 714,1954 712,1950 687,1951 686,1954 658,1954 657,1951"/>
          <TextEquiv conf="0.91809">
            <Unicode>Babylonis</Unicode>
          </TextEquiv>
        </Word>
        <Word id="region0001_line0029_word0003" custom="readingOrder {index:3;}">
          <Coords points="819,1948 816,1952 804,1953 804,1998 834,1998 862,2001 862,2002 902,2002 903,2001 956,1997 1002,1996 1002,1946 1002,1946 980,1946 978,1952 961,1952 958,1946 941,1947 938,1952 913,1953 859,1952 853,1950 852,1948"/>
          <TextEquiv conf="0.28453818">
            <Unicode>allegoricè</Unicode>
          </TextEquiv>
        </Word>
        <Word id="region0001_line0029_word0004" custom="readingOrder {index:4;}">
          <Coords points="1084,1960 1015,1960 1015,2000 1033,2000 1036,1996 1084,1995"/>
          <TextEquiv conf="0.91160357">
            <Unicode>pro</Unicode>
          </TextEquiv>
        </Word>
        <Word id="region0001_line0029_word0005" custom="readingOrder {index:5;}">
          <Coords points="1095,1946 1095,1987 1265,1986 1265,1949 1247,1949 1246,1945 1219,1945 1218,1949 1197,1950 1191,1948 1191,1945 1165,1946 1165,1946 1165,1946"/>
          <TextEquiv conf="0.9151026">
            <Unicode>Diabolo</Unicode>
          </TextEquiv>
        </Word>
        <Word id="region0001_line0029_word0006" custom="readingOrder {index:6;}">
          <Coords points="1473,1997 1473,1952 1282,1954 1282,1999 1300,1998 1302,1995 1306,1993 1457,1992 1462,1997"/>
          <TextEquiv conf="0.90481025">
            <Unicode>ponatur,</Unicode>
          </TextEquiv>
        </Word>
        <Word id="region0001_line0029_word0007" custom="readingOrder {index:7;}">
          <Coords points="1586,1954 1489,1955 1489,1994 1492,1994 1492,1995 1522,1995 1523,1993 1586,1991"/>
          <TextEquiv conf="0.92861485">
            <Unicode>quo-</Unicode>
          </TextEquiv>
        </Word>
        <TextEquiv>
          <Unicode>Cum Rex Babylonis allegoricè pro Diabolo ponatur, quo-</Unicode>
        </TextEquiv>
      </TextLine>
      <TextLine id="region0001_line0030" custom="readingOrder {index:29;}">
        <Coords points="1356,1993 1350,2003 1288,2007 1185,2007 1177,1999 1169,1999 1160,2007 1080,2008 1069,2007 1067,2001 1061,1997 1039,1997 1030,2007 1016,2009 970,2008 870,2011 785,2009 760,1999 693,2001 688,2006 687,2014 681,2014 680,2010 658,2001 654,2014 512,2014 507,2019 507,2050 521,2059 567,2059 943,2055 945,2063 953,2070 961,2070 968,2066 972,2054 1010,2054 1011,2061 1016,2066 1062,2066 1070,2062 1072,2055 1275,2051 1277,2062 1282,2067 1325,2066 1332,2062 1334,2050 1459,2052 1590,2049 1590,2003 1464,2004 1457,1993 1439,1994 1432,2002 1388,2003 1383,1993"/>
        <Baseline points="507,2049 1590,2039"/>
        <Word id="region0001_line0030_word0000" custom="readingOrder {index:0;}">
          <Coords points="656,2007 654,2014 580,2014 580,2050 703,2049 703,2007 687,2007 687,2014 681,2014 680,2010 673,2007"/>
          <TextEquiv conf="0.8773545">
            <Unicode>modo</Unicode>
          </TextEquiv>
        </Word>
        <Word id="region0001_line0030_word0001" custom="readingOrder {index:1;}">
          <Coords points="718,2008 718,2048 824,2047 824,2009 785,2009 781,2007"/>
          <TextEquiv conf="0.9040683">
            <Unicode>Deus</Unicode>
          </TextEquiv>
        </Word>
        <Word id="region0001_line0030_word0002" custom="readingOrder {index:2;}">
          <Coords points="842,2017 929,2016 929,2045 842,2046"/>
          <TextEquiv conf="0.7502811">
            <Unicode>cum</Unicode>
          </TextEquiv>
        </Word>
        <Word id="region0001_line0030_word0003" custom="readingOrder {index:3;}">
          <Coords points="1016,2059 1015,2015 950,2016 951,2060 970,2059 972,2054 1010,2054 1010,2059"/>
          <TextEquiv conf="0.91001457">
            <Unicode>per</Unicode>
          </TextEquiv>
        </Word>
        <Word id="region0001_line0030_word0004" custom="readingOrder {index:4;}">
          <Coords points="1038,2003 1039,2056 1072,2056 1072,2055 1244,2052 1243,2007 1185,2007 1180,2002 1166,2002 1160,2007 1080,2008 1069,2007 1068,2003"/>
          <TextEquiv conf="0.91773766">
            <Unicode>Jeremiam</Unicode>
          </TextEquiv>
        </Word>
        <Word id="region0001_line0030_word0005" custom="readingOrder {index:5;}">
          <Coords points="1351,2000 1350,2003 1288,2007 1262,2007 1262,2051 1275,2051 1275,2055 1333,2055 1334,2050 1421,2051 1421,2002 1388,2003 1386,2000"/>
          <TextEquiv conf="0.88642496">
            <Unicode>appellet</Unicode>
          </TextEquiv>
        </Word>
        <Word id="region0001_line0030_word0006" custom="readingOrder {index:6;}">
          <Coords points="1436,1999 1436,2044 1585,2043 1585,2003 1464,2004 1460,1998"/>
          <TextEquiv conf="0.26486123">
            <Unicode>ſervum</Unicode>
          </TextEquiv>
        </Word>
        <TextEquiv>
          <Unicode>modo Deus cum per Jeremiam appellet ſervum</Unicode>
        </TextEquiv>
      </TextLine>
      <TextLine id="region0001_line0031" custom="readingOrder {index:30;}">
        <Coords points="526,2060 517,2061 512,2066 512,2098 523,2114 743,2115 755,2107 755,2075 750,2070 607,2070 605,2062 600,2059"/>
        <Baseline points="517,2103 755,2104"/>
        <Word id="region0001_line0031_word0000" custom="readingOrder {index:0;}">
          <Coords points="578,2065 578,2105 697,2104 697,2070 607,2070 605,2064"/>
          <TextEquiv conf="0.9059304">
            <Unicode>ſuum.</Unicode>
          </TextEquiv>
        </Word>
        <TextEquiv>
          <Unicode>ſuum.</Unicode>
        </TextEquiv>
      </TextLine>
      <TextLine id="region0001_line0032" custom="readingOrder {index:31;}">
        <Coords points="366,2112 357,2114 358,2172 404,2183 462,2182 468,2176 476,2176 482,2172 824,2170 826,2181 839,2183 851,2181 856,2170 872,2168 1139,2166 1241,2166 1249,2178 1261,2179 1270,2176 1272,2166 1523,2163 1590,2158 1590,2121 1567,2119 1563,2105 1548,2102 1473,2103 1465,2107 1463,2117 1456,2118 1440,2118 1432,2109 1423,2110 1412,2119 1410,2111 1405,2107 1391,2107 1385,2112 1373,2111 1366,2119 1357,2120 1349,2106 1329,2106 1316,2120 1225,2121 1130,2121 1128,2113 1123,2109 972,2108 951,2110 939,2116 935,2123 684,2125 676,2124 665,2116 655,2115 598,2115 585,2116 582,2119 579,2115 562,2114 557,2118 556,2127 541,2127 457,2125 449,2116 437,2112"/>
        <Baseline points="357,2164 432,2168 1590,2149"/>
        <Word id="region0001_line0032_word0000" custom="readingOrder {index:0;}">
          <Coords points="384,2121 385,2174 480,2173 482,2172 604,2171 604,2119 556,2119 556,2127 541,2127 457,2125 452,2120"/>
          <TextEquiv conf="0.8926133">
            <Unicode>Quomodo</Unicode>
          </TextEquiv>
        </Word>
        <Word id="region0001_line0032_word0001" custom="readingOrder {index:1;}">
          <Coords points="613,2122 613,2162 719,2161 719,2124 684,2125 676,2124 672,2121"/>
          <TextEquiv conf="0.9209009">
            <Unicode>Deus</Unicode>
          </TextEquiv>
        </Word>
        <Word id="region0001_line0032_word0002" custom="readingOrder {index:2;}">
          <Coords points="733,2131 822,2130 822,2157 733,2158"/>
          <TextEquiv conf="0.91632897">
            <Unicode>cum</Unicode>
          </TextEquiv>
        </Word>
        <Word id="region0001_line0032_word0003" custom="readingOrder {index:3;}">
          <Coords points="1049,2116 938,2117 935,2123 833,2123 834,2172 855,2171 856,2170 872,2168 1049,2166"/>
          <TextEquiv conf="0.8956982">
            <Unicode>permiſiſſet</Unicode>
          </TextEquiv>
        </Word>
        <Word id="region0001_line0032_word0004" custom="readingOrder {index:4;}">
          <Coords points="1058,2117 1058,2159 1238,2157 1238,2120 1225,2121 1130,2121 1128,2116"/>
          <TextEquiv conf="0.92505866">
            <Unicode>Balaamo</Unicode>
          </TextEquiv>
        </Word>
        <Word id="region0001_line0032_word0005" custom="readingOrder {index:5;}">
          <Coords points="1322,2113 1316,2120 1249,2120 1250,2169 1271,2168 1272,2166 1433,2164 1433,2112 1420,2112 1412,2119 1410,2112 1371,2112 1366,2119 1357,2120 1352,2112"/>
          <TextEquiv conf="0.8613725">
            <Unicode>proficiſci</Unicode>
          </TextEquiv>
        </Word>
        <Word id="region0001_line0032_word0006" custom="readingOrder {index:6;}">
          <Coords points="1447,2154 1495,2154 1495,2113 1463,2113 1463,2117 1456,2118 1447,2118"/>
          <TextEquiv conf="0.9286295">
            <Unicode>ad</Unicode>
          </TextEquiv>
        </Word>
        <Word id="region0001_line0032_word0007" custom="readingOrder {index:7;}">
          <Coords points="1510,2114 1510,2153 1584,2152 1584,2120 1567,2119 1565,2113"/>
          <TextEquiv conf="0.9275914">
            <Unicode>Ba-</Unicode>
          </TextEquiv>
        </Word>
        <TextEquiv>
          <Unicode>Quomodo Deus cum permiſiſſet Balaamo proficiſci ad Ba-</Unicode>
        </TextEquiv>
      </TextLine>
      <TextLine id="region0001_line0033" custom="readingOrder {index:32;}">
        <Coords points="907,2169 900,2174 898,2180 839,2184 612,2183 601,2181 589,2173 527,2176 518,2182 518,2214 524,2227 535,2228 662,2229 666,2232 694,2228 700,2231 727,2231 730,2237 736,2240 756,2238 763,2229 833,2229 851,2230 854,2236 861,2240 876,2238 881,2231 889,2227 897,2229 980,2224 1281,2222 1289,2235 1297,2236 1307,2234 1310,2223 1503,2220 1517,2209 1517,2177 1512,2172 1436,2173 1429,2166 1418,2167 1411,2175 1382,2176 1375,2169 1349,2165 1343,2168 1341,2177 1315,2178 1252,2180 1241,2169 1232,2170 1227,2178 939,2181 926,2180 919,2169"/>
        <Baseline points="521,2218 1517,2209"/>
        <Word id="region0001_line0033_word0000" custom="readingOrder {index:0;}">
          <Coords points="581,2179 581,2222 724,2223 724,2185 612,2183 601,2181 597,2178"/>
          <TextEquiv conf="0.92358136">
            <Unicode>lacum,</Unicode>
          </TextEquiv>
        </Word>
        <Word id="region0001_line0033_word0001" custom="readingOrder {index:1;}">
          <Coords points="801,2189 737,2190 737,2230 763,2230 763,2229 801,2229"/>
          <TextEquiv conf="0.90559274">
            <Unicode>per</Unicode>
          </TextEquiv>
        </Word>
        <Word id="region0001_line0033_word0002" custom="readingOrder {index:2;}">
          <Coords points="899,2174 898,2180 839,2184 810,2183 810,2229 833,2229 844,2229 884,2229 889,2227 897,2229 980,2224 985,2223 985,2180 939,2181 926,2180 922,2174"/>
          <TextEquiv conf="0.9142852">
            <Unicode>angelum</Unicode>
          </TextEquiv>
        </Word>
        <Word id="region0001_line0033_word0003" custom="readingOrder {index:3;}">
          <Coords points="995,2186 1124,2185 1124,2214 995,2215"/>
          <TextEquiv conf="0.87813103">
            <Unicode>tamen</Unicode>
          </TextEquiv>
        </Word>
        <Word id="region0001_line0033_word0004" custom="readingOrder {index:4;}">
          <Coords points="1135,2186 1223,2185 1223,2213 1135,2214"/>
          <TextEquiv conf="0.91662353">
            <Unicode>eum</Unicode>
          </TextEquiv>
        </Word>
        <Word id="region0001_line0033_word0005" custom="readingOrder {index:5;}">
          <Coords points="1234,2172 1234,2222 1281,2222 1283,2226 1309,2226 1310,2223 1457,2220 1457,2172 1436,2173 1433,2170 1415,2170 1411,2175 1382,2176 1376,2170 1342,2171 1341,2177 1315,2178 1252,2180 1243,2171"/>
          <TextEquiv conf="0.81133807">
            <Unicode>impedierit.</Unicode>
          </TextEquiv>
        </Word>
        <TextEquiv>
          <Unicode>lacum, per angelum tamen eum impedierit.</Unicode>
        </TextEquiv>
      </TextLine>
      <TextLine id="line_1676278587338_2169" custom="readingOrder {index:33;}">
        <Coords points="357,2225 364,2224 430,2223 447,2227 453,2236 551,2240 556,2239 558,2229 575,2228 581,2231 582,2240 585,2242 604,2242 611,2232 624,2233 629,2242 670,2240 677,2231 686,2229 702,2232 704,2240 748,2241 786,2237 872,2240 881,2232 893,2228 898,2230 901,2238 967,2238 980,2225 1010,2227 1014,2230 1036,2229 1044,2238 1244,2235 1255,2234 1269,2224 1281,2223 1289,2236 1297,2237 1327,2233 1435,2231 1440,2222 1453,2221 1461,2230 1590,2227 1590,2273 1511,2275 357,2275"/>
        <Baseline points="472,2275 1353,2272 1590,2263"/>
        <Word id="word_1676278587338_2171" custom="readingOrder {index:0;}">
          <Coords points="386,2231 449,2230 453,2236 551,2240 556,2239 557,2229 577,2229 581,2231 582,2240 585,2242 603,2242 603,2275 386,2275"/>
          <TextEquiv conf="0.81629705">
            <Unicode>Quomodo</Unicode>
          </TextEquiv>
        </Word>
        <Word id="word_1676278587339_2173" custom="readingOrder {index:1;}">
          <Coords points="611,2236 625,2235 629,2242 666,2240 666,2275 611,2275"/>
          <TextEquiv conf="0.90098274">
            <Unicode>jus</Unicode>
          </TextEquiv>
        </Word>
        <Word id="word_1676278587339_2175" custom="readingOrder {index:2;}">
          <Coords points="681,2229 690,2229 702,2232 704,2240 748,2241 786,2237 855,2239 855,2275 676,2275 676,2232 677,2231"/>
          <TextEquiv conf="0.9081361">
            <Unicode>ſervetur,</Unicode>
          </TextEquiv>
        </Word>
        <Word id="region0001_line0034_word0003" custom="readingOrder {index:3;}">
          <Coords points="890,2229 881,2232 872,2240 869,2239 869,2272 963,2272 963,2238 901,2238 898,2230 895,2229"/>
          <TextEquiv conf="0.92188054">
            <Unicode>dum</Unicode>
          </TextEquiv>
        </Word>
        <Word id="region0001_line0034_word0004" custom="readingOrder {index:4;}">
          <Coords points="979,2225 971,2234 971,2269 1035,2268 1035,2229 1014,2230 1010,2227 990,2225"/>
          <TextEquiv>
            <Unicode>filii</Unicode>
          </TextEquiv>
        </Word>
        <Word id="word_1676278587339_2177" custom="readingOrder {index:5;}">
          <Coords points="1044,2240 1116,2239 1116,2275 1044,2275"/>
          <TextEquiv conf="0.93172616">
            <Unicode>pro</Unicode>
          </TextEquiv>
        </Word>
        <Word id="word_1676278587339_2179" custom="readingOrder {index:6;}">
          <Coords points="1125,2236 1244,2235 1255,2234 1269,2224 1273,2223 1281,2223 1289,2236 1297,2237 1327,2233 1343,2232 1343,2275 1125,2275"/>
          <TextEquiv conf="0.8922993">
            <Unicode>parentibus</Unicode>
          </TextEquiv>
        </Word>
        <Word id="word_1676278587339_2181" custom="readingOrder {index:7;}">
          <Coords points="1360,2232 1435,2231 1437,2226 1457,2226 1461,2230 1582,2227 1582,2273 1496,2275 1360,2275"/>
          <TextEquiv conf="0.89654833">
            <Unicode>puniuntur.</Unicode>
          </TextEquiv>
        </Word>
        <TextEquiv>
          <Unicode>Quomodo jus ſervetur, dum filii pro parentibus puniuntur.</Unicode>
        </TextEquiv>
      </TextLine>
      <TextEquiv>
        <Unicode>Confiteri viris ſpiritualibus an conveniat &amp; expediat homi-
ni peccatori.
Pii afflictionibus exerceri cur ſoleant, &amp; quid fructus ex ejus-
modi medicina percipiant.
Fortuna quid ſit, &amp; an Fortunam confiteri licitum Chri-
ſtiano.
Prophetiæ &amp; miracula, qua virtute fiant, ab iis qui ſæpe con-
trarium &amp; ſentiunt &amp; faciunt.
Deceſſus ſui diem cur non præſciant homines, &amp; an exce-
dentes è vita, ſentiant aliquid eor. quæ ipſos ma-
nent bonor. aut malorum.
Peccata poſt mortem quæ condonentur per liturgias, pre-
cesque &amp; cleemoſynas, quæ pro defunctis fiunt.
ALTER TOMUS EVETERI TESTAMENTO.
Paradiſus ſenſu ne an mente perceptibilis: &amp; corruptibilis
ne an corruptionis expers.
Illud, Conſpicati filii Dei, filias hominum, quomodo intel-
ligendum.
Cur omnia quæ Deus fecit, admodum bona fuerint, cur po-
ſtea de puris &amp; impuris fiat mentio.
Sacrificare vitulam triennem, &amp; capram triennem cur juſſus
à Deo Abraham.
Circumcidi cur juſſus Abraham.
Illud, Ego indurabo cor Pharaonis, quomodo intelligen-
dum.
Diem ſuum cur exſecretur Jobus.
Diabolus coram Deo cum Angelis quomodo ſteterit.
Ex Maximi Confeſſoris ἀπόϱων λύϚϵι.
Cum Rex Babylonis allegoricè pro Diabolo ponatur, quo-
modo Deus cum per Jeremiam appellet ſervum
ſuum.
Quomodo Deus cum permiſiſſet Balaamo proficiſci ad Ba-
lacum, per angelum tamen eum impedierit.
Quomodo jus ſervetur, dum filii pro parentibus puniuntur.</Unicode>
      </TextEquiv>
    </TextRegion>
  </Page>
</PcGts>
