1391 2208
365 285 489 337 parari
507 295 623 337 atque
642 286 874 338 impendere
892 287 986 341 reip.
998 301 1077 341 quæ
1092 287 1244 329 ruinam

359 344 490 383 ſecum
510 342 663 381 trahere
692 336 942 394 putarentur:
984 355 1115 395 neque
1144 343 1242 381 iam

359 412 498 452 præter
519 403 600 440 eius
620 415 798 443 amorem
821 404 863 443 in
885 404 1042 446 vnicum
1058 405 1199 457 filium,
1209 401 1248 459 &

359 462 476 504 huius
505 472 597 511 erga
624 470 777 512 patrem
796 462 1029 504 laudabilem
1053 464 1244 517 pietatem

360 519 572 569 quicquam
608 519 651 558 in
683 519 744 560 his
771 522 884 560 terris
923 519 1016 562 eſſet
1050 520 1241 574 amplius,

359 574 472 630 quod
509 579 556 619 ad
603 578 832 634 longiorem
872 582 994 626 vitam
1043 585 1121 624 Dil.
1157 584 1240 622 eius

359 633 530 672 inuitare
585 629 762 686 poſſet,
819 623 899 672 ſine
946 627 1064 675 omni
1129 635 1242 675 dolo-

358 707 405 733 re
430 708 475 734 ex
490 697 689 736 ærumnoſi
719 697 832 736 huius
852 694 992 736 mundi
1016 696 1243 739 calamitati-

358 753 431 794 bus
452 757 490 794 &
509 754 682 793 tenebris
707 755 755 794 ad
788 749 1048 811 ſempiternam
1070 752 1242 812 quietem

358 814 514 866 placide
537 814 862 857 obdormientem
896 813 1164 870 commigraſſe
1190 831 1241 858 eo

357 873 493 924 gloriæ
513 871 599 917 ſuæ,
626 884 741 926 quam
761 868 869 927 omnis
905 873 989 916 alet
1023 874 1242 931 poſteritas,

360 934 399 971 &
421 931 610 972 memoria
634 932 818 985 deinceps
837 932 1056 974 ſeculorum
1072 932 1243 975 celebra-

359 991 420 1031 bit
445 989 709 1043 ſequentium:
733 992 884 1032 hærede
902 993 986 1045 poſt
1012 995 1049 1033 ſe
1064 995 1107 1033 in
1125 992 1240 1033 terris

357 1049 498 1091 reliƈto
518 1049 558 1094 in
585 1061 665 1098 quo
694 1042 847 1088 abunde
871 1049 1006 1090 omnia
1024 1051 1096 1090 ſint
1127 1048 1242 1091 indu-

356 1108 481 1155 ſtriæ,
507 1108 659 1159 ingenii
677 1109 725 1148 &
748 1109 901 1149 ſummæ
937 1111 1093 1150 virtutis
1128 1121 1241 1149 orna-

354 1174 516 1211 menta,
535 1165 572 1204 &
598 1164 642 1203 in
658 1176 777 1217 quem
794 1177 894 1204 onus
913 1165 1009 1218 reip.
1028 1162 1168 1222 poſthac
1183 1180 1243 1207 re-

357 1220 548 1261 cumbere
559 1222 684 1273 poſſit.
739 1223 799 1263 Sic
814 1233 856 1262 vt
865 1220 987 1263 videri
999 1233 1128 1277 queat,
1140 1223 1240 1262 inui-

355 1279 430 1320 diæ
449 1280 579 1333 potius
598 1291 714 1332 quam
734 1281 891 1332 pietatis
915 1278 1022 1330 eſſe,
1048 1296 1139 1324 cum
1159 1282 1235 1323 for-

355 1347 474 1388 tuna,
508 1340 546 1379 &
572 1339 781 1381 conditore
804 1341 890 1382 vitæ
911 1349 1029 1393 atque
1056 1341 1239 1384 omnium

355 1409 492 1438 rerum
525 1399 616 1439 Deo
645 1396 909 1438 immoderate
930 1400 1070 1449 queri:
1131 1397 1243 1451 quod

355 1455 531 1508 optimus
550 1457 731 1509 Princeps
763 1470 808 1495 ex
825 1457 895 1498 hac
911 1456 988 1496 vita
1008 1458 1149 1499 caduca
1167 1459 1241 1499 fra-

353 1514 427 1567 gili
445 1514 481 1556 &
498 1515 817 1557 calamitoſiſſima
844 1514 945 1566 quaſi
965 1529 1024 1555 ex
1037 1517 1243 1559 turbulen-

349 1572 494 1615 tiſſima
511 1572 600 1610 irati
609 1571 772 1623 æquoris
782 1571 1011 1623 tempeſtate
1020 1570 1060 1612 in
1077 1583 1243 1628 portum

350 1629 588 1677 tutisſimum
615 1632 788 1677 relatus,
813 1631 1153 1675 immortalitatem
1179 1634 1242 1673 in-

351 1686 505 1732 duerit,
528 1689 566 1726 &
592 1689 872 1740 iniquiſſimam
896 1685 1009 1728 huius
1034 1690 1237 1732 ærumnoſi

350 1749 470 1795 ſeculi
491 1749 767 1792 conditionem
784 1751 1036 1794 commutarit
1047 1765 1135 1795 cum
1151 1765 1239 1805 per-
