1477 2172
785 234 861 300 II.
861 234 1039 300 Claſſ.

438 353 506 392 333
540 342 704 388 Stelters
715 342 968 393 Weimariſche
968 342 1151 393 Erſtlinge,
1151 342 1293 393 Weim.
1293 342 1366 393 721

539 399 747 450 Rambachs
761 399 1003 446 Betrachtung
1014 401 1069 440 der
1078 411 1111 448 7.
1121 391 1244 453 letzten
1255 391 1371 450 Worte,

831 446 929 486 Hall.
940 457 1017 486 726

534 518 555 528 -
653 520 669 529 -
768 493 936 541 Thraͤnen
965 497 1033 536 und
1050 484 1217 546 Seuffzer
1230 493 1371 546 Chriſti,

833 551 934 594 Hall.
951 562 1024 593 725

538 613 553 635 -
656 614 672 627 -
772 599 905 635 Lutheri
930 592 1120 640 Erklaͤrung
1134 594 1191 635 der
1202 616 1235 646 7.
1269 599 1376 646 Buß⸗

828 651 1007 702 Pſalmen,
1026 649 1111 699 Jen.
1124 658 1199 697 726

535 707 755 742 Greenvvods
769 701 961 753 Erklaͤrung
970 705 1030 744 des
1041 703 1161 745 Vater
1171 698 1299 759 Unſers,
1314 696 1374 758 Eiſ.

607 769 680 810 726

436 820 509 858 334
533 803 750 853 Siegvolcks
783 800 1011 844 Gedanckens
1051 796 1132 842 uͤber
1166 802 1370 851 Moßheims

793 859 963 905 Ewigkeit
977 864 1031 904 der
1040 863 1370 914 Hoͤllen⸗Straffen,

818 916 919 958 729

532 989 548 999 -
651 973 669 1007 -
772 963 882 1016 Von
882 963 972 1010 dem
1000 970 1098 1014 herrl.
1117 970 1226 1025 Reich
1243 969 1371 1020 Chriſti

829 1023 898 1060 und
909 1019 1228 1065 Wiederbringung
1242 1026 1281 1055 ꝛc.
1294 1027 1367 1060 729

437 1075 508 1117 335
538 1068 689 1106 Prætorii
717 1074 774 1119 58.
801 1065 1020 1114 Tractaͤtlein
1049 1076 1116 1109 von
1135 1071 1192 1109 der
1206 1068 1385 1116 guͤldenen

765 1121 850 1178 Zeit,
860 1111 966 1161 Goßl.
985 1121 1056 1155 622

537 1195 553 1207 -
653 1198 670 1207 -
720 1179 793 1216 von
793 1179 853 1216 der
866 1174 1026 1222 guͤldenen
1053 1170 1143 1229 Roſe,
1167 1176 1235 1214 ibid
1251 1180 1323 1216 622

436 1235 508 1279 336
531 1228 659 1268 Kesleri
673 1230 1001 1280 Religions ⸗ Krieg
1018 1230 1171 1280 zwiſchen
1189 1233 1287 1271 Petro
1304 1228 1372 1272 und

682 1292 758 1330 dem
776 1288 902 1338 Pabſt,
929 1289 1012 1331 Col.
1033 1294 1103 1334 633

530 1357 555 1366 -
597 1358 618 1369 -
667 1337 820 1386 zwiſchen
833 1337 971 1388 Chriſto
982 1340 1049 1378 und
1058 1340 1133 1378 dem
1143 1336 1269 1388 Pabſt,
1287 1337 1372 1376 ibid.

781 1400 854 1426 634

436 1450 509 1488 337
532 1441 668 1492 Serpilii
700 1440 1066 1487 Lieder ⸗ Gedancken,
1094 1438 1269 1491 Regenſp.
1301 1447 1369 1488 703

780 1501 807 1524 c.
821 1490 1082 1525 continuatione.

532 1563 552 1574 -
597 1564 622 1573 -
695 1541 863 1594 Pruͤfung
891 1544 950 1581 des
965 1543 1280 1593 Hohenſteiniſchen
1296 1542 1372 1588 Ge⸗

777 1584 974 1647 ſangbuchs,
1010 1604 1088 1640 710

532 1664 547 1672 -
597 1664 614 1675 -
687 1644 859 1694 Epitaphia
876 1643 1144 1696 Schwabiſcher
1157 1640 1380 1694 Theologen/

786 1706 936 1737 Regenſ.
949 1709 1024 1737 707

436 1749 508 1789 338
533 1743 685 1780 Keslerus
698 1749 766 1782 von
776 1746 835 1785 der
843 1743 1196 1791 Ketzer⸗Bekehrung,
1205 1742 1286 1786 Cob
1291 1739 1387 1790 631

532 1818 560 1842 -
624 1822 648 1836 -
698 1794 911 1846 Papiſtiſche
930 1804 1210 1856 Diſputir-Kunſt,
1236 1812 1296 1846 627

436 1855 510 1891 339
538 1848 594 1887 M.
603 1848 724 1895 Fleury
735 1849 867 1893 Sitten
879 1852 934 1889 der
956 1845 1139 1902 Jſraliten,
1155 1846 1291 1895 Hannov.
1309 1846 1377 1896 709

533 1928 555 1934 -
648 1926 669 1936 -
817 1924 840 1938 -
940 1912 1109 1961 Chriſten,
1118 1908 1166 1950 ib.
1179 1912 1253 1955 718

534 1952 707 2003 Geſpraͤch
716 1961 783 1995 von
793 1955 849 1999 der
866 1954 1006 2002 wahren
1023 1953 1092 1996 und
1112 1953 1253 2006 falſchen
1271 1949 1374 2004 Inſpi-

605 2017 725 2057 ration,
750 2021 844 2061 716

1292 2069 1373 2113 340
