1545 2309
492 454 528 493 V

564 330 652 357 batus
668 330 754 359 orare
770 336 883 369 coepit,
905 331 945 365 ne
958 334 1140 371 enunciaret,
1163 338 1221 369 nec
1235 343 1273 376 ſe,
1285 331 1423 375 meritum

563 372 601 403 de
629 372 679 403 illo
702 373 830 414 optime,
865 376 1015 415 proderet.
1056 381 1136 419 quod
1161 380 1182 411 ſi
1209 392 1274 413 eam
1302 383 1418 415 veniam

557 412 610 443 ſibi
631 411 764 450 dediſſet,
786 415 934 455 tantisque
955 415 1130 460 implicitum
1164 421 1253 454 rebus
1281 420 1419 458 ſubleuaſ-

557 454 608 490 ſet,
632 464 738 496 magno
761 456 820 489 eſſe
842 461 870 490 ei
890 466 1022 502 praemio
1046 463 1186 497 futurum.
1232 469 1309 500 ¹ His
1329 470 1415 501 rebus

559 500 664 541 ephori
696 503 840 543 cognitis,
869 505 955 538 ſatius
983 510 1177 557 putauerunt
1192 508 1223 538 in
1251 514 1323 545 vrbe
1346 522 1415 546 eum

557 543 779 584 comprehendi.
809 557 868 586 quo
889 557 954 578 cum
984 550 1077 582 eſſent
1098 553 1245 595 profecti,
1264 565 1296 587 et
1318 556 1414 590 Pauſa-

555 587 619 616 nias
644 586 757 625 placato
781 589 912 631 Argilio,
943 598 974 620 vt
997 593 1131 633 putabat,
1161 595 1414 631 Lacedaemonem

554 632 771 662 reuerteretur;
795 628 822 658 in
827 624 955 665 itinere,
983 640 1048 662 cum
1075 636 1132 663 iam
1151 639 1182 665 in
1210 646 1248 666 eo
1274 638 1360 675 eſſet,
1383 645 1413 669 vt

553 671 873 715 comprehenderetur,
899 686 917 706 e
933 677 1012 708 vultu
1040 679 1189 711 cuiusdam
1219 683 1336 725 ephori,
1361 682 1413 724 qui

553 724 624 745 eum
652 717 813 749 admonere
842 720 997 761 cupiebat,
1023 722 1137 756 inſidias
1164 727 1219 760 ſibi
1239 727 1305 761 fieri
1326 729 1413 761 intel-

552 760 637 791 lexit.
698 766 710 778 ²
734 763 836 801 Itaque
861 765 960 802 paucis
988 773 1058 796 ante
1076 767 1224 809 gradibus,
1247 780 1336 808 quam
1357 770 1410 811 qui

550 800 764 845 ſequebantur,
787 806 817 836 in
838 808 943 839 aedem
958 809 1135 846 Mineruae,
1164 822 1240 851 quae
1257 815 1410 849 Chalcioe-

552 855 601 876 cus
624 854 748 885 vocatur,
758 847 899 892 confugit.
925 851 1008 884 Hinc
1023 864 1063 886 ne
1088 855 1173 887 exire
1193 854 1297 897 poſſet,
1314 860 1409 892 ſtatim

1303 906 1408 947 ephori

546 967 700 996 abbreuiate:
718 971 763 996 imo
776 973 859 1005 magis.
874 974 901 1000 Id
908 975 963 1001 Bar-

545 1006 614 1030 thius
633 1006 735 1032 Aduerſ.
759 1014 800 1041 24,
822 1012 850 1037 18
862 1010 964 1042 exponit

544 1037 612 1071 ſupra
626 1039 735 1065 modum.
751 1042 823 1074 magis
838 1044 906 1071 enim,
926 1046 963 1069 in-

545 1078 607 1104 quit,
626 1074 711 1099 orabat
730 1082 797 1106 quam
819 1078 860 1107 qui
885 1078 962 1110 patri-

544 1107 586 1130 bus
607 1108 730 1132 occultatis
755 1109 861 1140 excuſari
881 1112 962 1143 prodi-

544 1141 613 1164 rionis
631 1143 711 1173 poſſet.
750 1145 795 1168 Sed
809 1146 914 1174 dubito,
932 1154 961 1169 an

543 1172 672 1204 quisquam
688 1183 797 1200 veterum
821 1178 854 1203 ita
871 1179 961 1210 loquu-

542 1217 583 1234 tus
597 1208 632 1234 ſit.
652 1210 718 1245 Quid
732 1210 748 1237 ſi
763 1220 884 1245 exponas:
898 1214 960 1242 lam,

540 1245 578 1269 vel
591 1244 669 1272 Tum,
693 1245 768 1278 magis
789 1247 959 1280 perturbatus?

538 1277 672 1307 Lambinus
687 1281 768 1306 mallet
781 1281 852 1306 multo
872 1287 957 1314 magis,

541 1320 623 1345 aitque
642 1315 717 1340 teſtari
738 1316 865 1351 quoſdam,
880 1320 915 1345 ita
930 1320 954 1344 in

540 1355 649 1380 antiquis
667 1351 737 1377 codd.
753 1353 819 1379 fuiſſe
830 1353 953 1388 ſcriptum.

538 1384 635 1409 Vellem
658 1384 813 1411 nominaſſet!
838 1394 896 1411 nam
907 1396 953 1419 ego

538 1417 638 1448 quidem
660 1418 684 1444 in
705 1421 773 1446 nullo
794 1419 824 1447 ſic
838 1421 953 1457 ſcriptum

538 1450 608 1476 fuiſſe
618 1451 722 1483 reperio.

573 1491 601 1507 ne
619 1485 763 1515 enunciaret]
777 1487 815 1513 Sic
823 1488 884 1514 recte
891 1490 955 1514 Dan.

536 1518 611 1544 Ernſt.
620 1517 747 1546 Bauaricus
754 1528 823 1549 vnus,
838 1529 861 1546 et
869 1524 954 1548 melio-

538 1562 576 1578 res
590 1556 640 1581 alii.
661 1556 720 1583 Vid.
728 1552 782 1591 not.
792 1558 879 1586 Ernſtii.
902 1559 954 1586 Alii

537 1591 670 1611 nunciaret.

565 1617 589 1645 ſi
603 1625 653 1641 eam
668 1624 759 1643 veniam
770 1615 818 1647 ſibi
838 1621 916 1657 ded.]
927 1621 953 1647 Si

536 1654 583 1679 hoc
597 1654 639 1680 ſibi
657 1655 807 1686 conceſſiſſet,
822 1666 846 1682 vt
861 1659 910 1692 ſup.
926 1667 950 1686 2,

536 1697 608 1717 10.1.
640 1703 662 1718 v.
677 1695 727 1719 Ind.
737 1697 792 1719 Mox
803 1695 882 1730 ſcripti
895 1698 950 1724 libri

534 1719 623 1748 habent
638 1726 798 1760 implicatum,
820 1729 949 1761 quomodo

535 1767 560 1784 et
573 1767 616 1788 10,
628 1769 669 1789 1.1
685 1764 780 1795 legitur.
798 1765 887 1792 Denuo
897 1767 950 1793 Ind.

533 1795 598 1820 vide.

570 1828 579 1845 I
603 1824 762 1863 Admonere]
795 1825 856 1852 Non
886 1828 950 1853 male

531 1859 614 1887 Boecl.
633 1868 656 1884 et
665 1862 732 1887 Leid.
741 1865 867 1890 admoneri.
885 1866 948 1891 Dan.

530 1903 632 1929 quoque
645 1900 778 1925 ammoneri.

567 1936 579 1952 2
599 1929 679 1962 Quam
710 1932 746 1963 qui
769 1931 945 1966 ſequebantur]

529 1960 667 1991 Buchnerus
684 1967 704 1994 ὁ
716 1969 840 1997 μαϰαρίτϗς
868 1970 948 1995 exiſti-

530 2001 614 2025 mabat
630 2003 788 2035 ſupplendum
802 2006 947 2038 comprehen-

529 2036 625 2064 derent,
662 2044 702 2062 aut
737 2037 837 2064 ſimilem
862 2047 946 2066 vocem

989 960 1070 1007 aliam:
1106 971 1217 1000 Mallem:
1237 972 1313 1002 ibant,
1325 982 1407 1006 perge-

988 1012 1046 1039 bant
1060 1020 1104 1039 etc.
1139 1016 1167 1042 In
1180 1016 1244 1042 Cod.
1260 1020 1322 1045 Dan.
1339 1025 1405 1043 erat:

987 1045 1026 1076 qui
1043 1041 1093 1071 eum
1110 1046 1276 1081 ſequebantur.

1019 1079 1044 1101 in
1050 1081 1128 1102 aedem
1148 1080 1269 1108 Mineruae,
1281 1086 1330 1111 quae
1337 1081 1420 1108 Chal-

985 1109 1075 1140 cioecus
1082 1121 1190 1145 vocatur,
1202 1116 1324 1155 confugit]
1342 1121 1402 1146 Vid.

985 1153 1100 1183 Thucyd.
1110 1161 1132 1181 I,
1146 1155 1222 1179 Diod.
1233 1162 1272 1184 II,
1281 1157 1403 1187 Lycurgus

984 1183 1057 1208 Orat.
1067 1184 1093 1208 in
1106 1186 1257 1213 Leocratem,
1271 1188 1401 1219 Aelian.
1375 1190 1404 1223 9,

984 1224 1028 1249 41,
1036 1220 1149 1251 Polyaen.
1156 1222 1190 1249 8,
1207 1222 1272 1249 Plut.
1285 1225 1309 1249 in
1317 1225 1402 1251 Parall.

983 1258 1009 1283 p.
1025 1255 1087 1286 308,
1107 1254 1281 1284 Themiſtoclis
1301 1258 1369 1291 epiſt.
1384 1266 1400 1285 2

982 1293 1029 1311 etc.
1065 1286 1188 1315 Deſcribit
1213 1290 1333 1323 templum
1350 1292 1399 1317 hoc

981 1321 1106 1350 Pauſanias
1140 1322 1275 1351 Laconicis.
1328 1327 1399 1354 Adde

978 1359 1073 1387 Meurſii
1081 1360 1184 1389 Miſcell.
1192 1364 1281 1389 Lacon.
1293 1368 1315 1390 I,
1323 1371 1343 1396 3.

1012 1394 1072 1418 quae
1114 1390 1244 1417 Calcioecus
1273 1395 1398 1424 vocatur]

979 1425 1098 1456 Aedesne,
1108 1435 1137 1452 an
1148 1429 1272 1456 Minerua?
1279 1431 1318 1457 Ad
1332 1432 1398 1457 illam

979 1461 1067 1486 referre
1087 1463 1180 1488 malim.
1192 1470 1248 1488 nam
1270 1465 1303 1490 ita
1317 1473 1342 1490 et
1356 1467 1398 1492 Li-

978 1493 1033 1518 vius
1046 1500 1091 1528 35,
1102 1497 1133 1526 36
1146 1497 1226 1522 Aetoli
1244 1492 1308 1524 circa
1327 1501 1396 1526 Chal-

979 1529 1076 1555 cioecum
1094 1530 1231 1565 (Mineruae
1245 1531 1274 1562 eſt
1287 1532 1396 1565 templum

979 1563 1087 1590 aeneum)
1112 1564 1246 1594 congregati
1256 1569 1395 1592 caeduntur.

979 1598 1093 1625 Aelianus
1105 1598 1164 1625 item
1173 1601 1230 1627 Var.
1238 1602 1322 1628 hiſtor.
1329 1608 1355 1633 9,
1362 1609 1394 1635 41

978 1634 1007 1657 de
1015 1631 1127 1659 Pauſania
1153 1634 1271 1669 loquens:
1300 1638 1349 1662 ἐπεὶ
1371 1641 1394 1664 δὲ

978 1661 1010 1691 ῆν
1019 1665 1077 1691 πρὸς
1095 1671 1122 1693 τϗ
1144 1669 1269 1697 Χαλϰιοίϰψ
1291 1672 1329 1694 ϰαὶ
1347 1670 1393 1695 διε-

974 1699 1060 1729 πάλαιε
1084 1698 1116 1729 τῶ
1140 1706 1207 1734 λιμῶ.
1242 1705 1323 1732 Ceteri
1343 1707 1395 1739 ple-

975 1732 1046 1765 rique
1075 1729 1209 1766 Mineruam
1235 1736 1309 1770 ipſam
1331 1745 1393 1764 Χαλ-

977 1770 1059 1793 ϰίοιϰον
1073 1777 1168 1796 vocant.
1203 1775 1267 1799 Vide
1275 1774 1391 1801 Indicem.

977 1805 1047 1840 Quos
1060 1807 1075 1832 ſi
1088 1808 1176 1834 Noſter
1190 1809 1280 1836 imitari
1300 1811 1392 1838 voluiſ-

976 1838 1022 1869 ſet;
1043 1840 1191 1874 ſimpliciter,
1198 1850 1268 1874 puto,
1283 1844 1390 1872 dixiſſet:

973 1872 997 1896 in
1012 1875 1090 1901 aedem
1109 1874 1233 1902 Mineruae
1254 1878 1389 1905 Chalcioeci.

972 1909 1131 1943 Thucydides
1157 1918 1251 1939 tamen,
1265 1920 1337 1939 vocat
1362 1917 1389 1939 τὸ

972 1942 1026 1969 ίερὸν
1046 1943 1176 1968 Xαλϰιοίϰϲ.

1001 1973 1083 2006 ſtatim
1097 1975 1174 2006 ephori
1192 1976 1287 2009 valuas]
1307 1979 1388 2003 Immo

972 2018 1041 2043 pater
1055 2013 1107 2038 eius
1121 2012 1269 2048 Hegeſilaus,
1281 2016 1299 2041 ſi
1311 2017 1389 2043 credi-

970 2054 1025 2073 mus
1033 2047 1176 2083 Chryſermo
1183 2050 1314 2079 Corinthio
1324 2054 1386 2081 lib.
1377 2049 1388 2082 2
