2460 2992
895 604 1004 649 c.17.
1032 596 1141 640 n.16.
1198 591 1365 637 Verum
1389 587 1516 634 dubia
1545 586 1668 631 nobis
1699 586 1744 631 &
1774 579 2027 631 conſcientiæ
2055 582 2193 626 minus

898 650 1112 698 conſulens
1129 651 1217 694 hæc
1232 649 1373 707 opinio
1391 645 1577 701 videtur;
1608 642 1889 700 Præſuppono
1906 653 2031 693 vero,
2056 639 2125 684 hic
2142 640 2200 683 de

899 713 1143 768 injuriarum
1159 708 1319 753 actione
1336 705 1474 753 ſtricte
1489 707 1544 748 ita
1565 702 1673 749 dicta
1689 702 1746 748 ob
1764 701 1894 746 læſam
1909 697 2061 745 famam
2079 709 2194 740 com-

900 779 1071 822 petente
1086 767 1239 821 quæri;
1255 763 1369 807 Nam
1378 760 1414 820 ſi
1421 762 1508 818 per
1521 759 1713 812 injuriam
1733 756 1842 801 reale
1859 755 2058 801 damnum
2073 754 2197 798 nobis

902 832 1076 881 illatum,
1090 828 1173 866 hoc
1187 821 1359 867 remiſſis
1376 820 1470 863 licet
1487 816 1669 873 injuriis,
1698 815 1837 861 adhuc
1861 812 2060 859 vindicari
2085 811 2197 869 poſſe

903 889 1066 931 dictum
1088 884 1296 939 ſuperius,
1319 882 1362 925 &
1388 880 1431 923 in
1459 869 1590 935 ſpecie
1615 875 1755 932 quoad
1787 872 2029 931 præſentem
2058 870 2195 916 caſum

900 948 945 992 id
960 944 1196 991 concedunt
1212 943 1294 988 Dd.
1308 939 1479 997 allegati,
1495 939 1655 994 quibus
1667 939 1777 985 adde
1792 937 1936 996 Polyd.
1955 936 2048 992 Rip.
2064 937 2108 977 de
2128 938 2194 975 act.

901 1009 941 1043 in
950 1015 1054 1042 mort.
1073 1002 1178 1038 artic.
1196 1008 1267 1047 cap.
1278 995 1347 1046 45.
1364 1006 1399 1034 n.
1418 999 1472 1040 18.
1480 994 1587 1046 ſeqq.
1623 989 1804 1037 Deinde
1819 986 2112 1045 præſuppono,
2129 985 2196 1028 hic

899 1065 968 1112 agi
987 1062 1041 1098 de
1056 1059 1216 1099 actione
1241 1053 1486 1104 injuriarum
1511 1051 1651 1093 adhuc
1675 1045 1934 1100 intentanda,
1960 1054 2048 1087 non
2069 1043 2197 1088 inten-

897 1133 981 1157 tata
997 1122 1067 1155 ſeu
1084 1122 1128 1156 in
1151 1116 1356 1155 iudicium
1379 1109 1566 1162 legitime
1590 1105 1780 1150 deducta.
1838 1103 1923 1149 Ubi
1946 1101 2058 1146 enim
2079 1098 2195 1146 cauſa

897 1178 1024 1214 ſemel
1037 1174 1195 1223 judicio
1210 1165 1435 1220 commiſſa,
1448 1174 1538 1206 non
1551 1158 1674 1216 æque
1689 1154 1807 1206 facile
1823 1156 1994 1205 tollitur.
2002 1159 2083 1211 arg.
2084 1156 2114 1215 L
2131 1159 2194 1203 28.

892 1238 942 1287 ff.
958 1237 1000 1274 de
1015 1235 1127 1282 injur.
1189 1231 1303 1275 Nam
1320 1239 1406 1273 non
1426 1224 1562 1273 ſimilis
1578 1225 1647 1282 eſt,
1664 1225 1735 1282 qui
1753 1225 1917 1279 penitus
1932 1224 1983 1266 ab
2000 1223 2117 1265 initio
2141 1230 2195 1263 ta-

901 1293 999 1349 cuit,
1018 1294 1068 1347 ei,
1091 1291 1164 1348 qui
1179 1289 1221 1335 &
1236 1287 1553 1350 poſtulationem
1571 1282 1771 1344 depoſuit,
1786 1284 1832 1328 &
1849 1285 1891 1327 in
1904 1282 2108 1340 judicium
2127 1293 2196 1324 ve-

898 1353 973 1409 nit,
991 1351 1034 1397 &
1051 1349 1172 1398 ſubiit
1189 1346 1430 1404 certamina,
1451 1346 1513 1390 uti
1536 1345 1580 1390 in
1602 1345 1682 1391 alio
1705 1341 1796 1389 caſu
1817 1340 2005 1398 loquitur
2029 1339 2133 1394 Imp.
2151 1341 2196 1382 in

898 1415 941 1453 L.
949 1413 1023 1466 fin.
1040 1410 1076 1451 C.
1089 1409 1129 1449 de
1143 1406 1337 1461 præſcript.
1352 1403 1415 1459 30.
1437 1397 1586 1448 annor.
1617 1399 1788 1460 Quibus
1807 1398 2082 1459 prætermiſſis
2103 1398 2197 1442 dici-

898 1481 1016 1511 mus:
1039 1467 1287 1517 injuriarum
1308 1461 1517 1506 actionem
1540 1458 1609 1505 tali
1636 1454 1924 1516 deprecatione
1944 1452 2116 1518 publica
2136 1465 2196 1496 re-

891 1530 1060 1575 miſſam
1078 1526 1168 1570 eſſe.
1231 1527 1313 1569 Pro
1339 1517 1620 1567 confirmanda
1643 1517 1721 1562 hac
1745 1513 1959 1575 opinione,
1979 1507 2197 1571 ſummope-

902 1597 950 1626 re
967 1588 1100 1642 placet
1115 1587 1413 1636 argumentum
1436 1573 1612 1622 Bachov.
1633 1578 1671 1618 in
1677 1576 1818 1618 Comm.
1838 1574 1890 1617 ad
1900 1572 1938 1631 §.
1949 1573 2017 1631 fin.
2033 1574 2075 1622 J.
2091 1573 2133 1613 de
2145 1572 2199 1612 in-

894 1648 975 1692 jur.
999 1643 1118 1695 quod
1140 1644 1315 1695 ſequens
1348 1635 1417 1680 eſt.
1479 1632 1733 1690 Quicunque
1764 1629 1940 1677 remittit
1959 1627 2199 1681 vindictam,

903 1704 1078 1744 remittit
1107 1700 1312 1744 actionem
1340 1693 1603 1754 injuriarum:
1640 1691 1766 1738 Actio
1814 1692 1927 1736 enim
1956 1687 2198 1746 injuriarum

905 1761 1049 1798 ſaltem
1060 1757 1115 1796 ad
1132 1752 1360 1796 vindictam
1378 1749 1512 1791 datur.
1529 1744 1671 1798 L.15.§.
1682 1744 1747 1799 46.
1756 1745 1805 1798 ff.
1813 1748 1856 1787 de
1863 1743 1977 1794 injur.
1995 1745 2036 1783 L.
2048 1754 2082 1783 2.
2101 1739 2140 1793 §.
2150 1743 2200 1793 4.

903 1813 952 1867 ff.
966 1815 1008 1854 de
1021 1816 1134 1853 collat.
1150 1802 1246 1851 bon.
1271 1803 1417 1859 Atqui
1439 1801 1622 1864 ægrotus
1643 1806 1710 1847 tali
1744 1804 1891 1855 publica
1914 1794 2199 1856 deprecatione

914 1866 1088 1912 remittit
1113 1863 1352 1911 vindictam.
1392 1860 1558 1918 Ergo.
1621 1861 1758 1912 Major
1795 1857 1896 1915 juris
1934 1858 2013 1907 eſt;
2055 1856 2200 1901 Minor

911 1921 1217 1974 Chriſtianiſmi.
1275 1921 1370 1966 Nec
1394 1920 1506 1966 enim
1526 1914 1635 1964 aliud
1654 1914 1775 1973 hujus
1797 1914 2010 1972 patiuntur
2025 1912 2204 1972 præcep-

912 1999 973 2038 ta,
995 1994 1123 2039 quam
1145 1991 1317 2028 omnem
1339 1978 1565 2026 vindictam
1589 1975 1813 2026 cordicitus
1840 1974 2036 2022 ſublatam
2058 1974 2138 2018 eſſe
2157 1975 2202 2016 in

912 2059 985 2091 eo,
1016 2047 1089 2093 qui
1118 2041 1246 2083 morti
1274 2036 1436 2083 vicinus
1467 2042 1585 2078 tanta
1601 2023 1890 2089 conteſtatione
1915 2026 2202 2076 conſcientiam

914 2107 1027 2144 ſuam
1043 2105 1254 2141 exonerat.
1314 2094 1419 2140 Non
1434 2093 1545 2138 enim
1562 2080 1782 2149 qvadrabit
1804 2089 1907 2143 huc,
1931 2087 2001 2134 ſed
2023 2086 2202 2142 impium

915 2165 1059 2217 potius
1090 2157 1314 2201 dicendum
1333 2153 1485 2213 veniet
1510 2145 1757 2210 dicterium:
1793 2149 1998 2205 Vergeben
2021 2149 2118 2199 habe
2142 2146 2203 2198 ich

916 2230 998 2267 ihm
1031 2220 1157 2265 wohl,
1190 2217 1279 2256 aber
1310 2211 1423 2265 nicht
1450 2210 1690 2266 vergeſſen:
1717 2206 1814 2255 Hoc
1842 2209 1952 2250 enim
1983 2201 2204 2259 indignum

918 2280 1153 2321 Chriſtiano
1174 2272 1367 2317 aſſertum
1399 2270 1495 2325 eſſe,
1525 2275 1668 2312 nemo
1683 2263 1842 2323 integra
1864 2263 2004 2308 fronte
2023 2259 2202 2318 negabit.

920 2340 1048 2377 Certe
1062 2332 1198 2374 omnis
1215 2327 1398 2375 remisſio
1413 2344 1437 2374 a
1463 2314 1678 2380 Chriſtiano
1700 2313 1824 2383 facta,
1850 2322 1946 2368 ſeria
1967 2323 2045 2366 eſſe
2059 2320 2206 2368 debet:

919 2396 967 2445 Si
967 2396 1080 2444 ſeria,
1091 2389 1272 2434 vindicta
1287 2388 1424 2433 omnis
1437 2384 1564 2432 debet
1576 2381 1761 2432 exulare:
1776 2385 1819 2428 Si
1839 2381 2019 2427 vindicta
2034 2376 2205 2433 excluſa,

919 2460 1000 2495 nec
1018 2450 1126 2490 ullus
1149 2443 1299 2490 actioni
1321 2442 1564 2500 injuriarum
1591 2438 1837 2487 intentandæ
1858 2434 2057 2495 ſupererit
2073 2433 2203 2480 locus.
