1532 2272
476 351 545 400 518

676 358 711 407 C.
714 365 766 403 S.
776 358 1212 396 SCHVRZFLEISCHII

490 439 534 475 ris
551 440 654 473 everti
672 438 799 481 malint,
814 449 910 484 qvam
926 439 1035 476 locum
1053 441 1119 476 dari
1136 437 1390 487 Proteſtantibus,

489 497 635 534 qvorum
658 499 765 522 tamen
787 490 895 522 omnia
918 488 1044 524 conſilia
1069 490 1110 524 ad
1123 494 1264 537 pacem,
1275 489 1389 534 paƈto-

488 547 629 581 rumqve
644 537 747 572 fidem
772 537 918 582 ſpeƈtant.
952 539 1109 573 Patrono
1133 537 1389 576 obſervantiam,

489 587 670 623 cultoribus
686 587 824 622 ſtudium
842 597 915 621 meo
940 588 1071 623 nomine
1085 586 1258 629 confirma,
1247 587 1299 635 in
1314 585 1388 630 pri-

489 639 617 682 misqve
640 637 847 673 Chriſtianum
869 636 1008 672 noſtrum
1032 638 1185 679 horrare,
1200 648 1237 672 ut
1273 639 1304 671 in
1326 646 1385 670 ce-

487 697 550 732 pto
575 689 696 733 laudis,
719 688 966 733 ſtudiorumqve
992 688 1162 733 propoſito
1190 689 1387 735 perſeveret.

487 741 626 784 Alioqvi
642 743 688 775 M.
712 739 919 781 Neandrum,
935 741 1088 774 iuvenem
1114 738 1263 788 probum,
1282 746 1389 783 atqve

487 785 672 828 eruditum,
695 783 818 819 ſummo
848 788 989 820 Patrono
1018 788 1131 821 noſtro
1152 795 1212 830 per
1233 795 1270 820 te
1289 795 1387 822 com-

487 833 629 874 mendo,
646 827 813 878 poſtqvam
838 836 871 869 in
886 836 1003 871 finibus
1025 838 1117 869 caſtri
1129 838 1225 869 huius
1241 836 1387 870 ſacerdo-

488 892 570 924 tium
588 899 708 924 vacare
719 890 844 936 coepit.
889 893 920 927 d.
930 892 1051 929 XXIII.
1064 890 1253 928 Novembr.
1263 881 1318 929 clↄ
1332 890 1390 927 Iↄc

488 951 652 980 LXXVII.

480 1128 560 1210 C

563 1057 850 1110 CAROLO,
876 1057 981 1099 L.B.
1008 1069 1042 1102 A
1066 1041 1312 1104 FRISEN.

827 1020 1050 1051 CCCCXLII.

567 1130 631 1164 Vm
658 1127 783 1173 gratiae
802 1120 899 1169 tuae,
916 1124 1009 1159 cuius
1034 1121 1198 1176 praeſens,
1211 1126 1390 1170 abſensqve-

581 1171 724 1210 multos,
741 1182 776 1214 et
789 1180 920 1216 magnos
939 1172 1057 1216 fruƈtus
1073 1171 1168 1212 cepi,
1185 1173 1319 1205 ſubinde
1326 1181 1387 1203 re-

481 1220 628 1262 cordor,
644 1232 714 1256 tum
736 1226 885 1265 rogando
909 1219 1022 1257 inſtare
1041 1222 1177 1265 debeo,
1188 1228 1228 1269 ut
1242 1221 1387 1256 diuturni

480 1268 596 1316 ſilentii
628 1271 745 1317 veniam
776 1272 850 1305 mihi
873 1272 989 1309 facias,
1010 1269 1054 1304 et
1070 1265 1132 1314 pro
1153 1268 1293 1312 ſumma,
1319 1279 1385 1314 qva

481 1318 605 1366 polles,
622 1323 811 1355 auƈtoritate
840 1322 943 1355 ſtudia
967 1330 1039 1354 mea
1062 1320 1191 1354 tuearis.
1241 1320 1318 1365 Ego
1331 1322 1387 1354 vi-

482 1365 587 1403 ciſſim
616 1378 745 1402 tantum
764 1363 840 1411 tibi
859 1368 998 1410 pietatis
1025 1367 1206 1412 praeſtabo,
1228 1375 1387 1411 qvantum

478 1417 609 1459 animo,
621 1417 806 1462 viribusqve
821 1418 906 1452 meis
923 1416 1037 1461 aſſeqvi
1068 1412 1201 1466 poſſum,
1226 1426 1387 1461 magnum-

478 1474 548 1511 qve
562 1466 715 1502 clientum
736 1475 872 1499 tuorum
894 1475 1067 1501 numerum
1081 1466 1121 1500 ad
1136 1475 1299 1503 certamen
1315 1469 1382 1501 hoc

477 1515 668 1561 adiungam,
696 1516 851 1562 omniqve
886 1525 1041 1561 tempore
1060 1516 1229 1565 ftudebo,
1249 1527 1285 1551 ut
1300 1526 1381 1552 tuo-

476 1572 556 1598 rum
569 1564 640 1597 ſane
660 1564 855 1597 meritorum
878 1563 1034 1596 memoria
1051 1563 1133 1600 nulla
1150 1572 1291 1607 unqvam
1309 1576 1381 1596 mea

471 1615 663 1655 oblivione,
680 1615 844 1659 culpaqve
862 1613 1084 1650 obliteretur.
1120 1617 1214 1650 Haec
1230 1616 1381 1651 ſcribenti

470 1665 614 1699 nuncius
646 1664 799 1706 affertur,
831 1664 1065 1706 illuſtriſſimum
1101 1665 1203 1701 filium
1228 1675 1321 1700 tuum
1344 1668 1378 1699 in

473 1715 612 1759 duello,
630 1716 723 1761 qvod
736 1727 875 1762 propter
897 1716 1112 1762 impotentem
1137 1718 1294 1753 Ranzovii
1311 1718 1379 1751 ani-

474 1775 568 1800 mum
586 1766 748 1802 declinare
768 1777 833 1800 non
857 1765 1035 1810 potuiſſet,
1052 1764 1181 1803 fortiter
1201 1766 1330 1807 ſtetiſſe,
1344 1774 1379 1802 et

473 1816 652 1851 irruentem
667 1820 699 1852 in
715 1817 746 1851 ſe
759 1817 974 1854 adverſarium
994 1815 1140 1851 alacriter
1151 1817 1329 1861 excepiſſe,
1343 1825 1379 1850 et

474 1877 542 1902 non
567 1869 670 1904 modo
692 1867 830 1904 feliciter
854 1867 1023 1912 repuliſſe,
1047 1867 1100 1901 ſed
1124 1868 1220 1903 etiam
1236 1869 1276 1902 ad
1293 1868 1380 1902 refe-

472 1910 613 1952 rendum
628 1924 673 1949 ex
688 1923 784 1950 arena
804 1913 925 1960 pedem
941 1912 1088 1959 adegiſſe.
1137 1916 1173 1950 In
1189 1914 1380 1954 Germania,

1284 1976 1376 2008 com-
