1850 2712
658 467 779 511 oerunt.
821 471 875 498 Sic
905 468 1038 499 Arabice
1064 449 1183 518 a,
1223 458 1367 497 amplus,
1399 460 1441 490 eſt
1459 456 1602 498 ſapiens.
1647 456 1722 488 Cor.

658 531 731 579 Sur.
761 542 804 576 II,
840 532 912 567 248.
952 515 1046 597 -
1072 525 1179 594 h
1196 504 1318 565 58,
1355 535 1440 563 Deus
1469 525 1593 559 amplus
1622 523 1662 559 eſt
1693 534 1723 556 et

660 593 837 635 omniſcius.
883 596 923 629 Et
946 598 1016 629 Sur.
1041 597 1079 635 V,
1105 605 1157 636 29.
1196 591 1356 637 Amplus,
1393 597 1458 628 ſcil.
1479 595 1639 637 ſcientia,
1674 594 1725 626 uti

662 671 783 700 conſtat
811 678 852 699 ex
876 674 949 701 Sur.
983 676 1052 711 XX,
1081 675 1133 709 98.
1166 672 1222 699 ubi
1249 648 1372 731 ,
1399 660 1562 701 ſcientia,
1586 660 1746 691 additur.

662 734 802 781 Verbum
826 730 938 814 Ai
974 735 1017 773 eſt
1053 740 1223 770 expandit,
1267 731 1435 769 dilatavit,
1481 726 1567 767 unde
1594 731 1728 771 phraſis

664 812 800 878 B
819 814 939 887 -Iu,
971 822 1122 850 dilatavit
1141 823 1248 851 pectus
1269 818 1351 849 ejus,
1370 819 1406 847 id
1427 806 1479 842 eſt,
1504 806 1633 846 ſapiens
1653 803 1727 835 red-

666 907 759 935 didit.
807 907 928 934 Contra
944 878 1078 928 SLò,
1110 890 1259 929 anguſtus
1269 888 1363 931 fuit,
1394 886 1451 925 eſt,
1482 888 1633 930 inſipidus
1654 889 1728 931 fuit

666 973 698 1008 et
714 974 897 1008 imperitus;
924 965 963 1002 ſic
981 950 1123 1019 -5
1146 948 1301 1000 in
1301 960 1346 1000 in
1359 956 1598 999 Abulpharagio
1616 957 1658 989 eſt
1662 958 1729 999 ſto-

671 1029 768 1069 lidus.
812 1026 926 1062 Ingens
945 1027 998 1068 his
1018 1026 1142 1064 pondus
1164 1029 1287 1060 accedit
1304 1041 1348 1061 ex
1368 1033 1382 1064 1
1408 1021 1482 1064 Reg.
1503 1020 1555 1060 IV,
1583 1030 1647 1063 29.,
1675 1018 1730 1052 ubi

669 1081 712 1140 35
735 1087 796 1129 2€5
817 1100 887 1117 cum
914 1091 1001 1134 nꝑEn
1024 1098 1056 1120 et
1075 1095 1170 1132 nzan”
1193 1080 1342 1118 tanquam
1365 1076 1574 1118 ſynonymum
1597 1076 1750 1118 conjun-

670 1142 759 1175 ctum
780 1135 854 1172 eſt.“
897 1144 1015 1171 Verum
1042 1138 1120 1172 haec
1151 1133 1325 1172 ſententia:
1363 1133 1526 1164 anguſtias
1553 1131 1730 1163 dilatarunt

671 1197 728 1224 eor
749 1204 862 1224 meum,
885 1194 1016 1224 minime
1037 1183 1185 1218 congruit
1206 1187 1402 1218 hemiſtichio
1423 1187 1537 1219 Verſus
1556 1183 1653 1216 noſtri
1674 1172 1758 1220 po-

671 1239 804 1271 ſteriori.
850 1238 979 1279 Optime
1001 1242 1112 1268 contra
1142 1236 1337 1270 hemiſtichia
1360 1236 1416 1269 ſibi
1435 1233 1576 1268 invicem
1598 1235 1733 1277 reſpon-

674 1294 811 1339 debunt,
835 1292 880 1331 ita
902 1295 1026 1332 diviſis,
1052 1291 1206 1328 Henslero
1228 1293 1416 1324 praeeunte,
1438 1286 1584 1321 vocibus,
1607 1297 1642 1322 ut
1660 1285 1758 1325 lite-

673 1357 747 1391 ram
765 1357 777 1389 :
801 1355 836 1381 in
858 1347 924 1385 ſine
947 1347 1038 1385 verbi
1060 1353 1179 1396 a”
1199 1345 1323 1383 nomini
1350 1348 1527 1396 npIEB,
1552 1342 1632 1383 quod
1652 1343 1734 1387 pro-

673 1402 762 1445 xime
791 1409 946 1437 ſequitur,
987 1408 1240 1440 praeponamus,
1271 1395 1343 1436 pro
1368 1401 1469 1448 2°
1500 1405 1605 1427 autem
1633 1391 1735 1427 Impe-

673 1455 831 1494 rativum,
861 1460 977 1506 2mn,
1012 1444 1236 1485 enuntiemus,
1250 1458 1335 1484 unde
1360 1460 1415 1487 hic
1441 1445 1586 1484 prodibit
1617 1450 1735 1480 ſenſus:

677 1505 782 1544 dilata
803 1504 908 1540 cordis
930 1514 993 1539 mei
1013 1501 1195 1539 anguſtias,
1216 1508 1237 1539 i.
1259 1514 1289 1537 e.
1310 1507 1445 1536 hilarem
1468 1504 1502 1536 et
1516 1508 1640 1537 laetum
1664 1495 1756 1529 red-

664 1557 734 1595 `das
755 1555 872 1596 triſtem
898 1568 947 1594 me
976 1558 1010 1591 et
1039 1553 1181 1590 anxium.
1236 1549 1283 1586 De
1310 1559 1430 1586 gaudio
1457 1548 1510 1599 25
1527 1553 1592 1598 3/
1619 1550 1735 1592 dicitur

678 1609 773 1647 etiam
794 1613 853 1651 Jeſ.
876 1616 938 1649 LX,
967 1618 1003 1651 5.,
1034 1618 1128 1647 atque
1167 1609 1210 1653 a4
1229 1612 1333 1661 a-nn
1357 1608 1404 1637 de
1433 1608 1660 1638 exhilaratione
1690 1596 1735 1644 Pſ.

680 1670 792 1704 CXIX,
815 1673 866 1699 32.
911 1669 956 1697 Cf.
980 1665 1060 1696 quae
1091 1672 1130 1697 de
1155 1671 1215 1697 hac
1246 1656 1400 1694 loquendi
1431 1656 1571 1697 formula
1597 1659 1737 1694 diximus

679 1725 720 1757 ad
746 1725 790 1757 Pſ.
810 1726 859 1765 IV,
882 1735 911 1759 2.
932 1725 1002 1756 Vol.
1025 1724 1047 1754 I.
1071 1734 1100 1766 p.
1125 1724 1175 1754 88.
1203 1725 1258 1764 89.
1304 1723 1403 1756 Addit
1422 1728 1526 1756 vates:
1566 1726 1732 1764 nipæn”

679 1777 811 1821 in
828 1770 875 1809 Et
895 1787 914 1808 e
930 1775 1076 1809 preſſuris
1099 1769 1178 1810 meis
1197 1778 1247 1806 me
1266 1773 1355 1805 educ,
1377 1777 1393 1804 e
1413 1767 1562 1810 miſeriis,
1580 1764 1661 1807 adeo
1686 1770 1736 1798 va-

676 1826 747 1870 lide
771 1835 820 1866 me
854 1831 1184 1861 circumvallantibus,
1217 1826 1257 1862 ut
1276 1829 1316 1857 de
1344 1826 1492 1858 libertate
1522 1811 1737 1855 recuperanda

680 1890 780 1917 ferme
809 1889 845 1917 ſit
873 1885 951 1914 mihi
983 1877 1221 1917 deſperandum.
1273 1876 1442 1910 Deſcendit
1480 1882 1583 1920 npxBL
1611 1879 1638 1906 a
1669 1878 1735 1916 m»:

680 1935 815 1973 arctari,
837 1944 1068 1971 uſurpaturque
1088 1943 1129 1964 de
1147 1928 1265 1963 talibus
1286 1931 1517 1963 anxietatibus,
1541 1924 1650 1959 quales
1670 1915 1737 1952 ſunt

680 1986 902 2022 fumelicorum
925 1997 961 2017 ac
991 1986 1220 2018 ſitibundorum
1249 1982 1284 2011 in
1302 1980 1449 2017 deſerto,
1484 1978 1540 2010 ubi
1569 1980 1639 2021 quis
1657 1981 1736 2016 ino-

681 2036 769 2072 piam
791 2035 957 2075 ſublevare
979 2027 1107 2069 prorſus
1128 2029 1257 2074 nequit,
1278 2020 1331 2063 Pſ.
1354 2031 1443 2071 CVII,
1472 2029 1513 2070 6.,
1534 2030 1617 2066 item
1639 2022 1737 2071 capti-

684 2106 816 2133 vorum,
842 2092 904 2123 ibid.
933 2092 989 2124 Vs.
1011 2091 1066 2125 13.,
1097 2089 1369 2132 moribundorum
1384 2093 1435 2130 Vs.
1458 2101 1518 2135 19.,
1540 2089 1736 2133 naufragium

683 2143 910 2184 metuentium,
931 2143 982 2174 Vs.
1002 2145 1053 2185 28.

770 2206 819 2248 18.
841 2202 925 2254 næn,
946 2200 1084 2242 Intuere,
1106 2207 1346 2236 commiſerandi
1369 2215 1401 2239 et
1423 2198 1604 2235 opitulanti
1628 2204 1734 2235 animo,

681 2269 746 2297 vid.
769 2266 821 2302 Vs.
854 2262 905 2302 16.
954 2261 1090 2291 Deducit
1119 2257 1213 2291 poeta
1233 2263 1343 2293 Jovam
1366 2263 1469 2291 veluti
1490 2257 1526 2298 in
1550 2259 1615 2296 rem
1649 2244 1736 2293 prae-

679 2323 815 2352 ſentem,
843 2323 894 2349 ut,
927 2301 1005 2343 quid
1025 2305 1129 2345 ſecum
1150 2309 1277 2344 agatur,
1315 2323 1382 2348 non
1403 2314 1469 2345 per
1486 2316 1623 2344 nuncios
1638 2295 1735 2335 reſoi-
