<?xml version='1.0' encoding='utf-8'?>
<PcGts xmlns="http://schema.primaresearch.org/PAGE/gts/pagecontent/2019-07-15" xmlns:xsi="http://www.w3.org/2001/XMLSchema-instance" pcGtsId="PAGE_01" xsi:schemaLocation="http://schema.primaresearch.org/PAGE/gts/pagecontent/2019-07-15 http://schema.primaresearch.org/PAGE/gts/pagecontent/2019-07-15/pagecontent.xsd">
  <Metadata>
    <Creator>OCR-D DFG Phase III</Creator>
    <Created>2024-01-19T13:09:09Z</Created>
    <LastChange>2024-01-19T13:09:09Z</LastChange>
    <Comments>ODEM: OCR-D extension for mass digitization (2021-2024)</Comments>
  </Metadata>
  <Page imageFilename="MAX/urn+nbn+de+gbv+3+1-672811-p0654-0_lat.png" imageWidth="1339" imageHeight="1965" type="content" primaryLanguage="Latin">
    <Border>
      <Coords points="259,172 290,1830 1274,1797 1264,154"/>
    </Border>
    <ReadingOrder>
      <OrderedGroup id="ro_1675767191201" caption="Regions reading order">
        <RegionRefIndexed index="0" regionRef="region_1662386746927_3963"/>
        <RegionRefIndexed index="1" regionRef="region0004"/>
        <RegionRefIndexed index="2" regionRef="region0005"/>
        <RegionRefIndexed index="3" regionRef="region0006"/>
        <RegionRefIndexed index="4" regionRef="region0007"/>
        <RegionRefIndexed index="5" regionRef="TextRegion_1662386688563_3946"/>
        <RegionRefIndexed index="6" regionRef="TextRegion_1662386688562_3945"/>
        <RegionRefIndexed index="7" regionRef="TextRegion_1662386685487_3937"/>
        <RegionRefIndexed index="8" regionRef="region0011"/>
      </OrderedGroup>
    </ReadingOrder>
    <TextRegion type="marginalia" id="region_1662386746927_3963" custom="readingOrder {index:0;} structure {type:marginalia;}">
      <Coords points="366,900 417,900 417,937 366,937"/>
      <TextLine id="line_1662386751907_3966" custom="readingOrder {index:0;}">
        <Coords points="372,911 372,928 418,928 418,911"/>
        <Word id="word_1662386752009_3969" custom="readingOrder {index:0;}">
          <Coords points="372,911 418,911 418,928 372,928"/>
          <TextEquiv>
            <Unicode>2</Unicode>
          </TextEquiv>
        </Word>
        <TextEquiv>
          <Unicode>2</Unicode>
        </TextEquiv>
      </TextLine>
      <TextEquiv>
        <Unicode>2</Unicode>
      </TextEquiv>
    </TextRegion>
    <TextRegion orientation="0.7032772" type="heading" readingDirection="left-to-right" id="region0004" custom="readingOrder {index:1;} structure {type:heading;}">
      <Coords points="458,280 1201,280 1201,370 458,370"/>
      <TextLine id="region0004_line0001" custom="readingOrder {index:0;}">
        <Coords points="497,282 458,284 459,334 752,327 955,326 1019,329 1201,325 1200,280"/>
        <Baseline points="458,325 1200,315"/>
        <Word id="region0004_line0001_word0000" custom="readingOrder {index:0;}">
          <Coords points="463,301 497,301 498,330 464,330"/>
          <TextEquiv conf="0.91041213">
            <Unicode>C.</Unicode>
          </TextEquiv>
        </Word>
        <Word id="region0004_line0001_word0001" custom="readingOrder {index:1;}">
          <Coords points="521,299 680,297 680,327 522,329"/>
          <TextEquiv conf="0.90826136">
            <Unicode>PLINII</Unicode>
          </TextEquiv>
        </Word>
        <Word id="region0004_line0001_word0002" custom="readingOrder {index:2;}">
          <Coords points="947,325 947,290 713,293 713,327 752,327 816,326"/>
          <TextEquiv>
            <Unicode>CAECILII</Unicode>
          </TextEquiv>
        </Word>
        <Word id="region0004_line0001_word0003" custom="readingOrder {index:3;}">
          <Coords points="1196,324 1196,292 970,295 970,326 975,326"/>
          <TextEquiv conf="0.7888047">
            <Unicode>SECVNDI</Unicode>
          </TextEquiv>
        </Word>
        <TextEquiv>
          <Unicode>C. PLINII CAECILII SECVNDI</Unicode>
        </TextEquiv>
      </TextLine>
      <TextLine id="region0004_line0002" custom="readingOrder {index:1;}">
        <Coords points="753,328 679,330 639,335 634,340 634,369 954,370 1028,369 1031,365 1031,335 1026,330 956,327"/>
        <Baseline points="634,364 1031,360"/>
        <Word id="region0004_line0002_word0000" custom="readingOrder {index:0;}">
          <Coords points="960,343 706,346 706,369 954,370 960,369"/>
          <TextEquiv conf="0.77225065">
            <Unicode>CONSVLIS</Unicode>
          </TextEquiv>
        </Word>
        <TextEquiv conf="0.77225065">
          <Unicode>CONSVLIS</Unicode>
        </TextEquiv>
      </TextLine>
      <TextEquiv>
        <Unicode>C. PLINII CAECILII SECVNDI&#13;
CONSVLIS</Unicode>
      </TextEquiv>
    </TextRegion>
    <TextRegion orientation="0.7032772" type="heading" readingDirection="left-to-right" id="region0005" custom="readingOrder {index:2;} structure {type:heading;}">
      <Coords points="440,383 1225,383 1225,476 440,476"/>
      <TextLine id="region0005_line0001" custom="readingOrder {index:0;}">
        <Coords points="450,388 440,390 441,472 449,473 814,467 943,470 1110,468 1114,465 1131,464 1175,466 1183,462 1192,462 1193,476 1216,475 1225,467 1224,383 989,383 926,387 872,384 804,388 765,385 718,390 708,386 676,386 659,387 654,390 649,386 619,386 613,391 579,388 574,392 554,393 543,388 531,388 525,392 488,392 477,389"/>
        <Baseline points="441,460 1225,449"/>
        <Word id="region0005_line0001_word0000" custom="readingOrder {index:0;}">
          <Coords points="1220,416 445,426 445,472 449,473 814,467 943,470 1110,468 1114,465 1131,464 1175,466 1183,462 1192,462 1193,476 1216,475 1220,470"/>
          <TextEquiv conf="0.8901981">
            <Unicode>PANEGYRICVS,</Unicode>
          </TextEquiv>
        </Word>
        <TextEquiv conf="0.8901981">
          <Unicode>PANEGYRICVS,</Unicode>
        </TextEquiv>
      </TextLine>
      <TextEquiv conf="0.8901981">
        <Unicode>PANEGYRICVS,</Unicode>
      </TextEquiv>
    </TextRegion>
    <TextRegion orientation="0.7032772" type="heading" readingDirection="left-to-right" id="region0006" custom="readingOrder {index:3;} structure {type:heading;}">
      <Coords points="551,494 1109,494 1109,546 551,546"/>
      <TextLine id="region0006_line0001" custom="readingOrder {index:0;}">
        <Coords points="591,495 551,496 551,546 1054,546 1109,542 1108,494"/>
        <Baseline points="551,540 1109,532"/>
        <Word id="region0006_line0001_word0000" custom="readingOrder {index:0;}">
          <Coords points="789,513 557,516 557,546 789,546"/>
          <TextEquiv conf="0.9061335">
            <Unicode>NERVAE</Unicode>
          </TextEquiv>
        </Word>
        <Word id="region0006_line0001_word0001" custom="readingOrder {index:1;}">
          <Coords points="1105,508 842,511 842,546 1054,546 1105,542"/>
          <TextEquiv conf="0.8954297">
            <Unicode>TRAIANO</Unicode>
          </TextEquiv>
        </Word>
        <TextEquiv conf="0.9007816">
          <Unicode>NERVAE TRAIANO</Unicode>
        </TextEquiv>
      </TextLine>
      <TextEquiv conf="0.9007816">
        <Unicode>NERVAE TRAIANO</Unicode>
      </TextEquiv>
    </TextRegion>
    <TextRegion orientation="0.7032772" type="heading" readingDirection="left-to-right" id="region0007" custom="readingOrder {index:4;} structure {type:heading;}">
      <Coords points="619,556 1048,556 1048,640 619,640"/>
      <TextLine id="region0007_line0001" custom="readingOrder {index:0;}">
        <Coords points="631,557 619,559 620,600 963,600 1048,597 1047,556"/>
        <Baseline points="619,591 1047,587"/>
        <Word id="region0007_line0001_word0000" custom="readingOrder {index:0;}">
          <Coords points="624,573 834,570 834,597 625,600"/>
          <TextEquiv conf="0.8775316">
            <Unicode>AVGVSTO</Unicode>
          </TextEquiv>
        </Word>
        <Word id="region0007_line0001_word0001" custom="readingOrder {index:1;}">
          <Coords points="873,569 1043,567 1043,595 873,597"/>
          <TextEquiv conf="0.8775316">
            <Unicode>DICTVS.</Unicode>
          </TextEquiv>
        </Word>
        <TextEquiv conf="0.8775316">
          <Unicode>AVGVSTO DICTVS.</Unicode>
        </TextEquiv>
      </TextLine>
      <TextLine id="region0007_line0002" custom="readingOrder {index:1;}">
        <Coords points="823,600 686,602 654,606 649,611 649,640 1002,639 1007,634 1007,605 1002,600"/>
        <Baseline points="649,635 1007,629"/>
        <Word id="word_1662386813123_3984" custom="readingOrder {index:0;}">
          <Coords points="720,617 870,611 896,611 896,639 720,639"/>
          <TextEquiv>
            <Unicode>CAPVT</Unicode>
          </TextEquiv>
        </Word>
        <Word id="region0007_line0002_word0002" custom="readingOrder {index:1;}">
          <Coords points="947,615 925,615 925,639 947,639"/>
          <TextEquiv conf="0.5017387">
            <Unicode>I.</Unicode>
          </TextEquiv>
        </Word>
        <TextEquiv>
          <Unicode>CAPVT I.</Unicode>
        </TextEquiv>
      </TextLine>
      <TextEquiv>
        <Unicode>AVGVSTO DICTVS.&#13;
CAPVT I.</Unicode>
      </TextEquiv>
    </TextRegion>
    <TextRegion orientation="0.7032772" type="drop-capital" readingDirection="left-to-right" id="TextRegion_1662386688563_3946" custom="readingOrder {index:5;} structure {type:drop-capital;}">
      <Coords points="439,649 503,649 503,738 439,738"/>
      <TextLine id="line_1662386851723_4002" custom="readingOrder {index:0;}">
        <Coords points="439,651 503,652 503,701 503,744 440,739 439,710 439,679"/>
        <Baseline points="439,698 478,694 440,730 503,731 439,671 455,672 465,673 487,674 494,688"/>
        <Word id="word_1662386855445_4009" custom="readingOrder {index:0;}">
          <Coords points="446,664 503,662 503,694 501,723 445,724 445,710"/>
          <TextEquiv>
            <Unicode>B</Unicode>
          </TextEquiv>
        </Word>
        <TextEquiv>
          <Unicode>B</Unicode>
        </TextEquiv>
      </TextLine>
      <TextEquiv>
        <Unicode>B</Unicode>
      </TextEquiv>
    </TextRegion>
    <TextRegion orientation="0.7032772" readingDirection="left-to-right" id="TextRegion_1662386688562_3945" custom="readingOrder {index:6;}">
      <Coords points="503,649 1227,649 1227,738 503,738"/>
      <TextLine id="line_1662386688607_3948" custom="readingOrder {index:0;}">
        <Coords points="503,652 546,653 550,656 552,664 627,663 635,654 643,651 657,652 661,663 675,663 682,655 693,655 699,663 816,661 839,660 846,656 866,660 946,659 970,657 975,649 1001,650 1003,657 1012,656 1015,650 1033,650 1036,656 1045,656 1058,649 1078,650 1080,654 1138,653 1141,649 1226,649 1226,689 1183,688 1177,692 1137,694 1122,692 1114,695 1084,696 1079,699 1049,696 1048,699 1039,702 1024,701 1019,695 1000,696 994,693 962,698 829,700 820,707 796,708 773,703 688,701 682,701 681,705 674,708 657,708 651,702 590,704 574,700 563,700 554,705 521,705 514,700 503,700"/>
        <Word id="word_1662386688608_3950" custom="readingOrder {index:0;}">
          <Coords points="503,662 551,662 552,664 565,663 565,694 503,694"/>
          <TextEquiv>
            <Unicode>Ene</Unicode>
          </TextEquiv>
        </Word>
        <Word id="region0008_line0002_word0001" custom="readingOrder {index:1;}">
          <Coords points="580,669 612,669 612,689 580,689"/>
          <TextEquiv conf="0.9252955">
            <Unicode>ac</Unicode>
          </TextEquiv>
        </Word>
        <Word id="region0008_line0002_word0002" custom="readingOrder {index:2;}">
          <Coords points="635,654 635,654 633,656 633,698 784,696 784,662 699,663 693,655 682,655 675,663 661,663 658,654"/>
          <TextEquiv conf="0.90682685">
            <Unicode>ſapienter,</Unicode>
          </TextEquiv>
        </Word>
        <Word id="region0008_line0002_word0003" custom="readingOrder {index:3;}">
          <Coords points="842,658 839,660 816,661 805,661 805,696 903,694 903,659 866,660 855,657"/>
          <TextEquiv conf="0.92577416">
            <Unicode>patres</Unicode>
          </TextEquiv>
        </Word>
        <Word id="region0008_line0002_word0004" custom="readingOrder {index:4;}">
          <Coords points="974,650 970,657 946,659 917,659 917,694 994,693 994,693 994,693 1079,692 1079,652 1078,650 1062,649 1058,649 1045,656 1036,656 1033,650 1015,650 1012,656 1003,657 1001,650 1000,650"/>
          <TextEquiv conf="0.65399605">
            <Unicode>conſcripti,</Unicode>
          </TextEquiv>
        </Word>
        <Word id="region0008_line0002_word0005" custom="readingOrder {index:5;}">
          <Coords points="1097,683 1221,681 1221,651 1139,652 1138,653 1097,654"/>
          <TextEquiv conf="0.6054291">
            <Unicode>maiores</Unicode>
          </TextEquiv>
        </Word>
        <TextEquiv>
          <Unicode>Ene ac ſapienter, patres conſcripti, maiores</Unicode>
        </TextEquiv>
      </TextLine>
      <TextLine id="line_1662386688608_3952" custom="readingOrder {index:1;}">
        <Coords points="503,701 514,701 522,707 534,709 552,708 559,703 574,701 584,707 638,707 657,709 708,703 739,705 773,704 796,709 820,708 826,705 976,701 981,695 994,694 1002,700 1039,703 1047,700 1103,699 1122,693 1141,697 1172,696 1183,689 1205,689 1214,694 1226,694 1227,729 1178,731 1154,737 1129,735 1096,745 1077,739 974,740 920,748 904,743 856,741 850,744 762,744 716,751 706,747 682,745 534,748 504,746 503,744"/>
        <Baseline points="503,731 704,737 1227,722"/>
        <Word id="region0008_line0003_word0001" custom="readingOrder {index:0;}">
          <Coords points="528,731 726,728 725,704 708,703 657,709 638,707 584,707 574,701 559,703 552,708 534,709 527,707"/>
          <TextEquiv>
            <Unicode>inſtituerunt,</Unicode>
          </TextEquiv>
        </Word>
        <Word id="region0008_line0003_word0002" custom="readingOrder {index:1;}">
          <Coords points="746,719 776,719 776,704 773,704 746,704"/>
          <TextEquiv conf="0.9219944">
            <Unicode>vt</Unicode>
          </TextEquiv>
        </Word>
        <Word id="region0008_line0003_word0003" custom="readingOrder {index:2;}">
          <Coords points="786,720 885,719 885,703 826,705 820,708 796,709 786,706"/>
          <TextEquiv conf="0.91615605">
            <Unicode>rerum</Unicode>
          </TextEquiv>
        </Word>
        <Word id="region0008_line0003_word0004" custom="readingOrder {index:3;}">
          <Coords points="903,727 1101,725 1100,699 1047,700 1039,703 1002,700 994,694 981,695 976,701 902,702"/>
          <TextEquiv conf="0.73319733">
            <Unicode>agendarum,</Unicode>
          </TextEquiv>
        </Word>
        <Word id="region0008_line0003_word0005" custom="readingOrder {index:4;}">
          <Coords points="1118,717 1158,716 1158,696 1141,697 1122,693 1118,694"/>
          <TextEquiv conf="0.73319733">
            <Unicode>ita</Unicode>
          </TextEquiv>
        </Word>
        <Word id="region0008_line0003_word0006" custom="readingOrder {index:5;}">
          <Coords points="1177,714 1220,713 1220,694 1214,694 1205,689 1183,689 1177,692"/>
          <TextEquiv conf="0.89843595">
            <Unicode>di-</Unicode>
          </TextEquiv>
        </Word>
        <TextEquiv>
          <Unicode>inſtituerunt, vt rerum agendarum, ita di-</Unicode>
        </TextEquiv>
      </TextLine>
      <TextEquiv>
        <Unicode>Ene ac ſapienter, patres conſcripti, maiores&#13;
inſtituerunt, vt rerum agendarum, ita di-</Unicode>
      </TextEquiv>
    </TextRegion>
    <TextRegion orientation="0.7032772" readingDirection="left-to-right" id="TextRegion_1662386685487_3937" custom="readingOrder {index:7;}">
      <Coords points="439,738 1227,738 1227,927 439,927"/>
      <TextLine id="region0008_line0004" custom="readingOrder {index:0;}">
        <Coords points="1226,730 1178,732 1165,735 1159,740 1144,740 1140,736 1129,736 1122,737 1115,743 1096,746 874,749 869,742 856,742 851,744 849,749 812,748 806,744 796,744 780,748 716,752 612,751 604,746 590,749 571,746 565,751 556,752 549,747 503,747 500,753 439,754 439,793 544,792 558,789 578,791 599,788 605,791 686,790 692,795 705,796 719,789 765,787 773,784 782,784 788,788 873,787 879,784 892,783 897,786 947,785 949,788 962,788 969,792 974,789 976,784 1024,784 1033,780 1049,780 1058,787 1073,788 1081,782 1099,782 1106,778 1123,781 1226,776"/>
        <Baseline points="439,783 1226,766"/>
        <Word id="region0008_line0004_word0000" custom="readingOrder {index:0;}">
          <Coords points="502,747 500,753 445,753 445,778 530,777 530,747"/>
          <TextEquiv conf="0.92427504">
            <Unicode>cendi</Unicode>
          </TextEquiv>
        </Word>
        <Word id="region0008_line0004_word0001" custom="readingOrder {index:1;}">
          <Coords points="570,746 565,751 556,752 549,747 541,747 541,775 655,773 655,751 612,751 604,746 590,749 573,746"/>
          <TextEquiv conf="0.86600614">
            <Unicode>initium</Unicode>
          </TextEquiv>
        </Word>
        <Word id="region0008_line0004_word0002" custom="readingOrder {index:2;}">
          <Coords points="668,753 683,753 683,773 668,773"/>
          <TextEquiv conf="0.92637324">
            <Unicode>a</Unicode>
          </TextEquiv>
        </Word>
        <Word id="region0008_line0004_word0003" custom="readingOrder {index:3;}">
          <Coords points="696,783 913,780 913,748 874,749 869,742 856,742 851,744 849,749 812,748 806,744 796,744 780,748 716,752 696,751"/>
          <TextEquiv conf="0.59697837">
            <Unicode>precationibus</Unicode>
          </TextEquiv>
        </Word>
        <Word id="region0008_line0004_word0004" custom="readingOrder {index:4;}">
          <Coords points="1042,748 922,749 922,781 1033,780 1033,780 1042,780"/>
          <TextEquiv conf="0.8558963">
            <Unicode>capere:</Unicode>
          </TextEquiv>
        </Word>
        <Word id="word_1662386685531_3940" custom="readingOrder {index:5;}">
          <Coords points="1054,746 1096,746 1115,743 1120,738 1135,738 1135,777 1054,778"/>
          <TextEquiv conf="0.9184894">
            <Unicode>quod</Unicode>
          </TextEquiv>
        </Word>
        <Word id="word_1662386685532_3942" custom="readingOrder {index:6;}">
          <Coords points="1146,740 1159,740 1161,738 1221,738 1221,768 1146,769"/>
          <TextEquiv conf="0.9301175">
            <Unicode>nihil</Unicode>
          </TextEquiv>
        </Word>
        <TextEquiv conf="0.8597337">
          <Unicode>cendi initium a precationibus capere: quod nihil</Unicode>
        </TextEquiv>
      </TextLine>
      <TextLine id="region0008_line0005" custom="readingOrder {index:1;}">
        <Coords points="1106,779 1098,785 1079,786 1073,789 1058,788 1049,781 1033,781 1021,788 981,788 969,793 962,789 948,788 898,789 892,784 879,785 872,790 839,791 821,788 789,792 782,785 773,785 765,788 751,787 746,793 713,794 705,797 689,794 607,795 599,789 579,791 575,794 569,789 558,790 545,792 542,796 512,797 486,797 461,792 454,798 439,798 439,837 456,835 461,838 509,841 596,831 605,832 612,840 622,840 629,835 664,834 670,839 682,840 697,833 815,830 819,827 901,829 908,825 924,828 1023,827 1065,825 1080,821 1098,821 1103,824 1227,820 1226,782 1124,785 1120,780"/>
        <Baseline points="439,827 1227,810"/>
        <Word id="region0008_line0005_word0000" custom="readingOrder {index:0;}">
          <Coords points="457,794 454,798 445,798 446,831 510,830 509,797 486,797 473,794"/>
          <TextEquiv conf="0.91560334">
            <Unicode>rite,</Unicode>
          </TextEquiv>
        </Word>
        <Word id="region0008_line0005_word0001" custom="readingOrder {index:1;}">
          <Coords points="546,791 545,792 542,796 528,796 529,831 659,829 658,794 607,795 601,790 578,791 575,794 571,791"/>
          <TextEquiv conf="0.9206541">
            <Unicode>nihilque</Unicode>
          </TextEquiv>
        </Word>
        <Word id="region0008_line0005_word0002" custom="readingOrder {index:2;}">
          <Coords points="749,789 746,793 713,794 705,797 689,794 673,794 674,830 816,828 819,827 861,828 866,828 865,790 839,791 823,788 817,788 789,792 785,788"/>
          <TextEquiv>
            <Unicode>prouidenter</Unicode>
          </TextEquiv>
        </Word>
        <Word id="region0008_line0005_word0003" custom="readingOrder {index:3;}">
          <Coords points="882,789 883,820 1017,818 1016,788 981,788 969,793 962,789 948,788 945,788 898,789 898,789"/>
          <TextEquiv conf="0.91825163">
            <Unicode>homines</Unicode>
          </TextEquiv>
        </Word>
        <Word id="region0008_line0005_word0004" custom="readingOrder {index:4;}">
          <Coords points="1029,786 1030,817 1086,816 1085,785 1079,786 1073,789 1058,788 1054,785"/>
          <TextEquiv conf="0.9098743">
            <Unicode>ſine</Unicode>
          </TextEquiv>
        </Word>
        <Word id="region0008_line0005_word0005" custom="readingOrder {index:5;}">
          <Coords points="1098,785 1099,817 1222,815 1221,783 1156,784 1124,785 1124,785"/>
          <TextEquiv conf="0.9123645">
            <Unicode>deorum</Unicode>
          </TextEquiv>
        </Word>
        <TextEquiv>
          <Unicode>rite, nihilque prouidenter homines ſine deorum</Unicode>
        </TextEquiv>
      </TextLine>
      <TextLine id="region0008_line0006" custom="readingOrder {index:2;}">
        <Coords points="1080,822 1071,829 945,833 925,832 921,827 908,826 900,832 870,835 862,828 819,828 814,834 691,837 682,841 667,838 612,841 605,833 596,832 586,832 580,835 579,839 557,838 509,842 463,842 456,836 444,836 439,839 439,880 689,875 690,880 694,882 706,883 715,880 717,875 727,874 730,879 741,880 754,873 875,872 878,877 890,877 897,871 1069,869 1085,864 1099,874 1106,865 1188,865 1226,861 1227,830 1219,826 1126,829 1120,824 1104,826 1098,822"/>
        <Baseline points="439,870 1226,852"/>
        <Word id="region0008_line0006_word0000" custom="readingOrder {index:0;}">
          <Coords points="583,833 580,835 579,839 557,838 509,842 463,842 456,836 446,836 446,867 658,864 658,838 612,841 605,833 603,832"/>
          <TextEquiv conf="0.91571337">
            <Unicode>immortalium</Unicode>
          </TextEquiv>
        </Word>
        <Word id="region0008_line0006_word0001" custom="readingOrder {index:1;}">
          <Coords points="678,843 742,842 742,872 678,873"/>
          <TextEquiv conf="0.7919048">
            <Unicode>ope,</Unicode>
          </TextEquiv>
        </Word>
        <Word id="region0008_line0006_word0002" custom="readingOrder {index:2;}">
          <Coords points="816,831 814,834 762,835 762,871 890,869 890,833 870,835 864,830"/>
          <TextEquiv conf="0.90392274">
            <Unicode>conſilio,</Unicode>
          </TextEquiv>
        </Word>
        <Word id="region0008_line0006_word0003" custom="readingOrder {index:3;}">
          <Coords points="910,831 910,862 1021,861 1021,830 945,833 925,832 924,830"/>
          <TextEquiv conf="0.90622926">
            <Unicode>honore</Unicode>
          </TextEquiv>
        </Word>
        <Word id="region0008_line0006_word0004" custom="readingOrder {index:4;}">
          <Coords points="1073,827 1071,829 1038,830 1038,869 1070,868 1085,864 1090,868 1103,867 1106,865 1188,865 1221,861 1221,827 1219,826 1126,829 1123,826"/>
          <TextEquiv conf="0.9210189">
            <Unicode>auſpicaren-</Unicode>
          </TextEquiv>
        </Word>
        <TextEquiv conf="0.88775784">
          <Unicode>immortalium ope, conſilio, honore auſpicaren-</Unicode>
        </TextEquiv>
      </TextLine>
      <TextLine id="region0008_line0007" custom="readingOrder {index:3;}">
        <Coords points="1081,865 1067,873 881,879 828,874 824,877 772,880 769,875 754,874 749,880 714,881 706,884 691,881 621,883 615,877 605,877 599,882 579,878 529,879 509,884 446,882 439,883 440,925 623,927 624,922 761,919 764,927 813,926 816,917 905,915 911,924 926,924 933,915 1227,908 1226,866 1106,866 1097,875 1085,865"/>
        <Baseline points="607,916 1227,899"/>
        <Word id="region0008_line0007_word0000" custom="readingOrder {index:0;}">
          <Coords points="447,884 448,909 506,908 505,883 487,883"/>
          <TextEquiv conf="0.8799336">
            <Unicode>tur.</Unicode>
          </TextEquiv>
        </Word>
        <Word id="region0008_line0007_word0001" custom="readingOrder {index:1;}">
          <Coords points="604,877 599,882 579,878 555,878 556,916 614,915 613,877"/>
          <TextEquiv conf="0.8799336">
            <Unicode>Qui</Unicode>
          </TextEquiv>
        </Word>
        <Word id="region0008_line0007_word0002" custom="readingOrder {index:2;}">
          <Coords points="633,885 695,884 696,905 634,906"/>
          <TextEquiv conf="0.9074844">
            <Unicode>mos</Unicode>
          </TextEquiv>
        </Word>
        <Word id="region0008_line0007_word0003" custom="readingOrder {index:3;}">
          <Coords points="718,905 764,904 763,876 752,876 749,880 717,880"/>
          <TextEquiv conf="0.90122515">
            <Unicode>cui</Unicode>
          </TextEquiv>
        </Word>
        <Word id="region0008_line0007_word0004" custom="readingOrder {index:4;}">
          <Coords points="789,878 787,879 788,915 883,914 882,878 881,879 871,878"/>
          <TextEquiv conf="0.8871774">
            <Unicode>potius</Unicode>
          </TextEquiv>
        </Word>
        <Word id="region0008_line0007_word0005" custom="readingOrder {index:5;}">
          <Coords points="906,882 995,881 996,911 907,912"/>
          <TextEquiv conf="0.8777133">
            <Unicode>quam</Unicode>
          </TextEquiv>
        </Word>
        <Word id="region0008_line0007_word0006" custom="readingOrder {index:6;}">
          <Coords points="1071,870 1067,873 1016,874 1017,904 1148,902 1147,869 1102,869 1097,875 1090,869"/>
          <TextEquiv conf="0.9095781">
            <Unicode>conſuli?</Unicode>
          </TextEquiv>
        </Word>
        <Word id="region0008_line0007_word0007" custom="readingOrder {index:7;}">
          <Coords points="1171,875 1222,874 1223,900 1172,901"/>
          <TextEquiv conf="0.89338595">
            <Unicode>aut</Unicode>
          </TextEquiv>
        </Word>
        <TextEquiv conf="0.89205396">
          <Unicode>tur. Qui mos cui potius quam conſuli? aut</Unicode>
        </TextEquiv>
      </TextLine>
      <TextEquiv>
        <Unicode>cendi initium a precationibus capere: quod nihil&#13;
rite, nihilque prouidenter homines ſine deorum&#13;
immortalium ope, conſilio, honore auſpicaren-&#13;
tur. Qui mos cui potius quam conſuli? aut</Unicode>
      </TextEquiv>
    </TextRegion>
    <TextRegion orientation="0.7032772" type="footnote" readingDirection="left-to-right" id="region0011" custom="readingOrder {index:8;} structure {type:footnote;}">
      <Coords points="441,985 1229,985 1233,1641 444,1651"/>
      <TextLine id="region0011_line0001" custom="readingOrder {index:0;}">
        <Coords points="718,987 713,992 712,1003 694,997 640,998 632,1006 613,1007 609,1000 597,999 590,1007 526,1008 522,1003 512,1000 442,1000 442,1033 449,1033 460,1039 481,1040 487,1044 510,1040 514,1043 540,1043 553,1047 571,1045 578,1041 597,1040 607,1036 616,1036 623,1040 653,1040 728,1033 803,1034 809,1039 820,1040 825,1036 857,1036 864,1032 876,1032 880,1036 903,1038 913,1034 996,1032 1014,1027 1024,1027 1030,1031 1065,1030 1073,1026 1080,1026 1085,1030 1168,1028 1186,1022 1197,1025 1203,1022 1217,1025 1228,1024 1228,992 1220,992 1218,985 1176,986 1174,992 1153,992 1148,985 1133,986 1128,993 1015,996 1007,987 994,987 985,997 966,998 960,989 950,989 942,998 927,998 922,990 910,989 903,999 899,999 892,990 883,991 874,1000 856,1000 850,992 839,992 832,1000 789,1002 784,1002 776,993 768,993 760,1001 748,1002 743,995 736,994 730,987"/>
        <Baseline points="442,1033 1228,1014"/>
        <Word id="word_1662386945919_4040" custom="readingOrder {index:0;}">
          <Coords points="484,1008 655,1005 655,1035 589,1039 484,1040"/>
          <TextEquiv>
            <Unicode>Panegyricus)</Unicode>
          </TextEquiv>
        </Word>
        <Word id="region0011_line0001_word0002" custom="readingOrder {index:1;}">
          <Coords points="669,1030 793,1029 793,1009 789,1010 784,1010 776,1001 768,1001 760,1009 748,1010 743,1003 736,1002 730,995 718,995 713,1000 712,1011 694,1005 669,1005"/>
          <TextEquiv conf="0.9194709">
            <Unicode>Laudatio</Unicode>
          </TextEquiv>
        </Word>
        <Word id="region0011_line0001_word0003" custom="readingOrder {index:2;}">
          <Coords points="838,992 832,1000 808,1001 808,1029 932,1028 932,998 927,998 922,991 908,991 903,999 899,999 893,991 882,991 874,1000 856,1000 850,992"/>
          <TextEquiv conf="0.88304365">
            <Unicode>principis</Unicode>
          </TextEquiv>
        </Word>
        <Word id="region0011_line0001_word0004" custom="readingOrder {index:3;}">
          <Coords points="951,992 951,1020 978,1019 978,997 966,998 961,991"/>
          <TextEquiv conf="0.88304365">
            <Unicode>in</Unicode>
          </TextEquiv>
        </Word>
        <Word id="region0011_line0001_word0005" custom="readingOrder {index:4;}">
          <Coords points="991,990 991,990 991,1021 1088,1020 1088,994 1015,996 1009,990"/>
          <TextEquiv conf="0.9225013">
            <Unicode>ſenatu,</Unicode>
          </TextEquiv>
        </Word>
        <Word id="region0011_line0001_word0006" custom="readingOrder {index:5;}">
          <Coords points="1131,988 1128,993 1103,993 1103,1017 1177,1016 1177,988 1175,988 1174,992 1153,992 1150,988"/>
          <TextEquiv conf="0.90653396">
            <Unicode>cuius</Unicode>
          </TextEquiv>
        </Word>
        <Word id="region0011_line0001_word0007" custom="readingOrder {index:6;}">
          <Coords points="1184,988 1184,1015 1223,1014 1223,992 1220,992 1218,987"/>
          <TextEquiv conf="0.8995011">
            <Unicode>hi-</Unicode>
          </TextEquiv>
        </Word>
        <TextEquiv>
          <Unicode>Panegyricus) Laudatio principis in ſenatu, cuius hi-</Unicode>
        </TextEquiv>
      </TextLine>
      <TextLine id="region0011_line0002" custom="readingOrder {index:1;}">
        <Coords points="1186,1023 1168,1029 1085,1031 1080,1027 1073,1027 1065,1031 1030,1032 1024,1028 1014,1028 996,1033 913,1035 903,1039 880,1037 876,1033 864,1033 857,1037 825,1037 820,1041 809,1040 803,1035 728,1034 659,1041 623,1041 616,1037 607,1037 557,1048 540,1044 514,1044 510,1041 487,1045 481,1041 460,1040 450,1035 442,1035 442,1080 500,1079 506,1074 515,1074 521,1078 569,1078 647,1075 663,1071 676,1071 687,1075 736,1074 748,1073 754,1069 765,1069 769,1073 799,1073 805,1070 819,1071 821,1067 829,1067 836,1071 844,1066 851,1066 857,1070 892,1065 899,1071 952,1069 970,1073 974,1068 1016,1066 1035,1060 1046,1065 1090,1065 1097,1060 1116,1064 1123,1057 1129,1060 1137,1056 1144,1063 1173,1062 1181,1058 1198,1056 1228,1056 1228,1028 1218,1027 1209,1023 1198,1026"/>
        <Baseline points="442,1071 1228,1049"/>
        <Word id="word_1662386985117_4064" custom="readingOrder {index:0;}">
          <Coords points="448,1039 457,1038 510,1041 540,1044 550,1046 550,1065 448,1067"/>
          <TextEquiv>
            <Unicode>ſtoriam</Unicode>
          </TextEquiv>
        </Word>
        <Word id="region0011_line0002_word0002" custom="readingOrder {index:1;}">
          <Coords points="559,1072 663,1070 662,1040 659,1041 623,1041 616,1037 607,1037 558,1047"/>
          <TextEquiv conf="0.66597575">
            <Unicode>epiſtola</Unicode>
          </TextEquiv>
        </Word>
        <Word id="region0011_line0002_word0003" custom="readingOrder {index:2;}">
          <Coords points="672,1066 746,1065 745,1035 714,1035 671,1039"/>
          <TextEquiv>
            <Unicode>18.lib.</Unicode>
          </TextEquiv>
        </Word>
        <Word id="region0011_line0002_word0004" custom="readingOrder {index:3;}">
          <Coords points="763,1037 798,1037 798,1061 763,1061"/>
          <TextEquiv conf="0.504002">
            <Unicode>IIl</Unicode>
          </TextEquiv>
        </Word>
        <Word id="region0011_line0002_word0005" custom="readingOrder {index:4;}">
          <Coords points="903,1067 902,1039 880,1037 876,1033 864,1033 857,1037 825,1037 820,1041 809,1040 810,1068 821,1068 821,1067 829,1067 830,1068 841,1068 844,1066 851,1066 853,1068 876,1067 892,1065 894,1067"/>
          <TextEquiv conf="0.90159833">
            <Unicode>prodit,</Unicode>
          </TextEquiv>
        </Word>
        <Word id="region0011_line0002_word0006" custom="readingOrder {index:5;}">
          <Coords points="911,1041 942,1041 942,1059 911,1059"/>
          <TextEquiv conf="0.90159833">
            <Unicode>ex</Unicode>
          </TextEquiv>
        </Word>
        <Word id="region0011_line0002_word0007" custom="readingOrder {index:6;}">
          <Coords points="1001,1040 950,1041 951,1069 974,1069 974,1068 1002,1067"/>
          <TextEquiv conf="0.9182254">
            <Unicode>qua</Unicode>
          </TextEquiv>
        </Word>
        <Word id="region0011_line0002_word0008" custom="readingOrder {index:7;}">
          <Coords points="1009,1032 1009,1059 1082,1058 1082,1031 1049,1031 1030,1032 1030,1032"/>
          <TextEquiv conf="0.9120394">
            <Unicode>ſimul</Unicode>
          </TextEquiv>
        </Word>
        <Word id="region0011_line0002_word0009" custom="readingOrder {index:8;}">
          <Coords points="1223,1029 1090,1031 1090,1060 1120,1059 1123,1057 1127,1059 1130,1059 1137,1056 1140,1059 1179,1058 1181,1058 1198,1056 1223,1056"/>
          <TextEquiv>
            <Unicode>cognoſci-</Unicode>
          </TextEquiv>
        </Word>
        <TextEquiv>
          <Unicode>ſtoriam epiſtola 18.lib. IIl prodit, ex qua ſimul cognoſci-</Unicode>
        </TextEquiv>
      </TextLine>
      <TextLine id="region0011_line0003" custom="readingOrder {index:2;}">
        <Coords points="1123,1058 1116,1065 1097,1061 1090,1066 1056,1066 1035,1061 1016,1067 974,1069 970,1074 952,1070 899,1072 892,1066 874,1071 857,1071 851,1067 844,1067 836,1072 829,1068 821,1068 819,1072 805,1071 799,1074 769,1074 765,1070 754,1070 748,1074 736,1075 687,1076 676,1072 663,1072 647,1076 572,1079 521,1079 515,1075 506,1075 500,1080 442,1081 442,1114 476,1112 480,1115 499,1115 514,1110 520,1110 525,1114 730,1108 738,1104 751,1107 812,1106 848,1102 872,1105 956,1104 967,1101 973,1104 986,1101 989,1105 1000,1106 1040,1098 1052,1098 1056,1100 1130,1099 1136,1094 1144,1094 1149,1098 1228,1096 1228,1057 1198,1057 1181,1059 1174,1063 1144,1064 1137,1057 1130,1061"/>
        <Baseline points="442,1104 1228,1086"/>
        <Word id="region0011_line0003_word0000" custom="readingOrder {index:0;}">
          <Coords points="449,1082 500,1081 500,1103 449,1104"/>
          <TextEquiv conf="0.9275232">
            <Unicode>tur,</Unicode>
          </TextEquiv>
        </Word>
        <Word id="region0011_line0003_word0001" custom="readingOrder {index:1;}">
          <Coords points="509,1099 615,1098 615,1077 572,1079 521,1079 515,1075 509,1075"/>
          <TextEquiv conf="0.9097617">
            <Unicode>breuius</Unicode>
          </TextEquiv>
        </Word>
        <Word id="region0011_line0003_word0002" custom="readingOrder {index:2;}">
          <Coords points="625,1098 740,1096 740,1074 736,1075 687,1076 676,1072 663,1072 647,1076 625,1076"/>
          <TextEquiv conf="0.922866">
            <Unicode>noſtrum</Unicode>
          </TextEquiv>
        </Word>
        <Word id="region0011_line0003_word0003" custom="readingOrder {index:3;}">
          <Coords points="820,1069 819,1072 805,1071 799,1074 769,1074 765,1070 754,1070 749,1073 749,1097 836,1096 836,1072 830,1069"/>
          <TextEquiv conf="0.7621219">
            <Unicode>dixiſſe</Unicode>
          </TextEquiv>
        </Word>
        <Word id="region0011_line0003_word0004" custom="readingOrder {index:4;}">
          <Coords points="844,1068 844,1095 871,1095 871,1071 857,1071 852,1068"/>
          <TextEquiv conf="0.92724913">
            <Unicode>in</Unicode>
          </TextEquiv>
        </Word>
        <Word id="region0011_line0003_word0005" custom="readingOrder {index:5;}">
          <Coords points="881,1068 879,1069 879,1095 981,1094 981,1072 952,1070 899,1072 895,1068"/>
          <TextEquiv conf="0.9090781">
            <Unicode>ſenatu;</Unicode>
          </TextEquiv>
        </Word>
        <Word id="region0011_line0003_word0006" custom="readingOrder {index:6;}">
          <Coords points="1030,1062 1016,1067 989,1068 990,1101 1027,1100 1040,1098 1052,1098 1056,1100 1076,1099 1076,1066 1056,1066 1040,1062"/>
          <TextEquiv conf="0.9146495">
            <Unicode>poſtea</Unicode>
          </TextEquiv>
        </Word>
        <Word id="region0011_line0003_word0007" custom="readingOrder {index:7;}">
          <Coords points="1120,1060 1116,1065 1097,1061 1090,1066 1083,1066 1084,1094 1224,1092 1223,1059 1179,1059 1174,1063 1144,1064 1140,1060 1131,1060 1130,1061 1128,1060"/>
          <TextEquiv conf="0.58327234">
            <Unicode>elaboraſſe</Unicode>
          </TextEquiv>
        </Word>
        <TextEquiv conf="0.85706526">
          <Unicode>tur, breuius noſtrum dixiſſe in ſenatu; poſtea elaboraſſe</Unicode>
        </TextEquiv>
      </TextLine>
      <TextLine id="region0011_line0004" custom="readingOrder {index:3;}">
        <Coords points="1136,1095 1130,1100 1056,1101 1052,1099 1040,1099 1000,1107 989,1106 986,1102 973,1105 967,1102 956,1105 872,1106 848,1103 812,1107 751,1108 738,1105 730,1109 527,1115 514,1111 499,1116 465,1113 442,1115 442,1154 489,1150 495,1146 514,1149 522,1145 557,1150 628,1146 637,1150 651,1145 698,1143 704,1140 798,1143 926,1140 938,1143 957,1138 1035,1137 1050,1133 1082,1135 1087,1132 1111,1130 1155,1136 1164,1132 1182,1131 1193,1126 1228,1128 1228,1097 1149,1099 1144,1095"/>
        <Baseline points="442,1144 1228,1119"/>
        <Word id="region0011_line0004_word0000" custom="readingOrder {index:0;}">
          <Coords points="449,1144 560,1143 560,1114 527,1115 514,1111 499,1116 465,1113 449,1114"/>
          <TextEquiv conf="0.9074726">
            <Unicode>plenius,</Unicode>
          </TextEquiv>
        </Word>
        <Word id="region0011_line0004_word0001" custom="readingOrder {index:1;}">
          <Coords points="705,1140 705,1113 569,1114 569,1141 704,1140 704,1140 704,1140"/>
          <TextEquiv conf="0.87975115">
            <Unicode>antequam</Unicode>
          </TextEquiv>
        </Word>
        <Word id="region0011_line0004_word0002" custom="readingOrder {index:2;}">
          <Coords points="734,1106 730,1109 714,1109 714,1133 808,1132 808,1107 751,1108 745,1106"/>
          <TextEquiv>
            <Unicode>ederet.</Unicode>
          </TextEquiv>
        </Word>
        <Word id="region0011_line0004_word0003" custom="readingOrder {index:3;}">
          <Coords points="843,1105 843,1134 918,1133 918,1105 872,1106 861,1104"/>
          <TextEquiv conf="0.8932808">
            <Unicode>Sunt,</Unicode>
          </TextEquiv>
        </Word>
        <Word id="region0011_line0004_word0004" custom="readingOrder {index:4;}">
          <Coords points="925,1137 968,1137 968,1103 963,1103 956,1105 925,1105"/>
          <TextEquiv conf="0.89808494">
            <Unicode>qui</Unicode>
          </TextEquiv>
        </Word>
        <Word id="region0011_line0004_word0005" custom="readingOrder {index:5;}">
          <Coords points="981,1102 977,1104 977,1128 1113,1127 1113,1102 1021,1102 1000,1107 989,1106 986,1102"/>
          <TextEquiv conf="0.55964494">
            <Unicode>inuideant</Unicode>
          </TextEquiv>
        </Word>
        <Word id="region0011_line0004_word0006" custom="readingOrder {index:6;}">
          <Coords points="1121,1101 1142,1100 1142,1126 1121,1127"/>
          <TextEquiv>
            <Unicode>ei</Unicode>
          </TextEquiv>
        </Word>
        <Word id="region0011_line0004_word0007" custom="readingOrder {index:7;} textStyle {offset:0; length:5;italic:true; fontSize:0.0; kerning:0;}">
          <Coords points="1223,1106 1147,1107 1147,1133 1162,1132 1164,1132 1182,1131 1193,1126 1223,1127"/>
          <TextEquiv>
            <Unicode>pane-</Unicode>
          </TextEquiv>
        </Word>
        <TextEquiv>
          <Unicode>plenius, antequam ederet. Sunt, qui inuideant ei pane-</Unicode>
        </TextEquiv>
      </TextLine>
      <TextLine id="region0011_line0005" custom="readingOrder {index:4;}">
        <Coords points="1193,1127 1182,1132 1164,1133 1155,1137 1104,1131 1082,1136 1050,1134 1035,1138 957,1139 938,1144 926,1141 798,1144 716,1141 651,1146 644,1151 628,1147 557,1151 526,1146 514,1150 495,1147 489,1151 442,1155 442,1189 480,1188 505,1180 516,1180 521,1183 647,1180 661,1184 670,1179 784,1177 809,1180 837,1180 855,1176 1061,1170 1067,1166 1088,1169 1117,1169 1123,1165 1136,1166 1159,1163 1228,1164 1228,1132 1218,1132 1211,1127"/>
        <Baseline points="442,1181 526,1173 829,1171 1228,1154"/>
        <Word id="region0011_line0005_word0000" custom="readingOrder {index:0;} textStyle {offset:0; length:6;italic:true; fontSize:0.0; kerning:0;}">
          <Coords points="447,1173 526,1172 525,1146 514,1150 495,1147 489,1151 446,1154"/>
          <TextEquiv conf="0.70485574">
            <Unicode>gyrici</Unicode>
          </TextEquiv>
        </Word>
        <Word id="region0011_line0005_word0001" custom="readingOrder {index:1;}">
          <Coords points="544,1166 629,1165 628,1147 628,1147 557,1151 543,1149"/>
          <TextEquiv conf="0.91545576">
            <Unicode>nomen,</Unicode>
          </TextEquiv>
        </Word>
        <Word id="region0011_line0005_word0002" custom="readingOrder {index:2;}">
          <Coords points="653,1172 713,1172 712,1141 652,1145"/>
          <TextEquiv conf="0.90393114">
            <Unicode>quod</Unicode>
          </TextEquiv>
        </Word>
        <Word id="word_1662387052693_4101" custom="readingOrder {index:3;}">
          <Coords points="725,1141 902,1142 903,1161 835,1169 726,1171"/>
          <TextEquiv>
            <Unicode>Berneggerus</Unicode>
          </TextEquiv>
        </Word>
        <Word id="region0011_line0005_word0005" custom="readingOrder {index:4;}">
          <Coords points="917,1143 918,1160 949,1160 948,1143 941,1143 938,1144 934,1143"/>
          <TextEquiv conf="0.90569735">
            <Unicode>ex</Unicode>
          </TextEquiv>
        </Word>
        <Word id="region0011_line0005_word0006" custom="readingOrder {index:5;}">
          <Coords points="1047,1134 1035,1138 969,1138 970,1164 1090,1162 1089,1134 1082,1136 1058,1134"/>
          <TextEquiv conf="0.8788188">
            <Unicode>materia,</Unicode>
          </TextEquiv>
        </Word>
        <Word id="region0011_line0005_word0007" custom="readingOrder {index:6;}">
          <Coords points="1103,1133 1104,1162 1171,1161 1170,1132 1164,1133 1155,1137 1118,1132"/>
          <TextEquiv conf="0.90980905">
            <Unicode>loco,</Unicode>
          </TextEquiv>
        </Word>
        <Word id="region0011_line0005_word0008" custom="readingOrder {index:7;}">
          <Coords points="1184,1131 1184,1131 1185,1157 1223,1156 1222,1132 1218,1132 1215,1130"/>
          <TextEquiv conf="0.92717993">
            <Unicode>di-</Unicode>
          </TextEquiv>
        </Word>
        <TextEquiv>
          <Unicode>gyrici nomen, quod Berneggerus ex materia, loco, di-</Unicode>
        </TextEquiv>
      </TextLine>
      <TextLine id="region0011_line0006" custom="readingOrder {index:5;}">
        <Coords points="1159,1164 1136,1167 1123,1166 1117,1170 1067,1167 1061,1171 855,1177 837,1181 809,1181 784,1178 670,1180 665,1184 656,1185 647,1181 521,1184 516,1181 505,1181 480,1189 442,1190 441,1220 457,1220 462,1216 470,1216 476,1220 527,1219 543,1222 557,1219 562,1215 572,1214 576,1217 689,1215 710,1214 720,1210 739,1209 742,1216 746,1217 774,1209 822,1215 830,1211 884,1210 890,1207 931,1209 946,1203 952,1203 957,1208 975,1207 996,1212 1011,1207 1033,1207 1039,1203 1051,1206 1089,1204 1101,1207 1111,1203 1155,1201 1161,1197 1173,1201 1190,1200 1195,1203 1200,1203 1207,1195 1228,1196 1228,1165"/>
        <Baseline points="442,1211 1014,1199 1228,1187"/>
        <Word id="region0011_line0006_word0000" custom="readingOrder {index:0;}">
          <Coords points="451,1205 525,1204 525,1183 521,1184 516,1181 505,1181 480,1189 451,1189"/>
          <TextEquiv conf="0.8838913">
            <Unicode>cendi</Unicode>
          </TextEquiv>
        </Word>
        <Word id="region0011_line0006_word0001" custom="readingOrder {index:1;}">
          <Coords points="533,1186 628,1185 628,1211 533,1212"/>
          <TextEquiv>
            <Unicode>genere</Unicode>
          </TextEquiv>
        </Word>
        <Word id="region0011_line0006_word0002" custom="readingOrder {index:2;}">
          <Coords points="636,1184 636,1206 730,1204 730,1182 665,1183 665,1184 656,1185 652,1183"/>
          <TextEquiv conf="0.6077759">
            <Unicode>tuetur,</Unicode>
          </TextEquiv>
        </Word>
        <Word id="region0011_line0006_word0003" custom="readingOrder {index:3;}">
          <Coords points="738,1182 885,1181 885,1207 738,1208"/>
          <TextEquiv>
            <Unicode>quanquam</Unicode>
          </TextEquiv>
        </Word>
        <Word id="region0011_line0006_word0004" custom="readingOrder {index:4;}">
          <Coords points="894,1181 946,1181 946,1199 894,1199"/>
          <TextEquiv conf="0.9078408">
            <Unicode>non</Unicode>
          </TextEquiv>
        </Word>
        <Word id="region0011_line0006_word0005" custom="readingOrder {index:5;}">
          <Coords points="1040,1178 954,1179 954,1205 957,1208 958,1208 975,1207 978,1208 1010,1207 1011,1207 1033,1207 1039,1203 1040,1203"/>
          <TextEquiv conf="0.49136356">
            <Unicode>negat,</Unicode>
          </TextEquiv>
        </Word>
        <Word id="region0011_line0006_word0006" custom="readingOrder {index:6;}">
          <Coords points="1150,1170 1061,1171 1061,1171 1054,1171 1054,1205 1074,1205 1089,1204 1091,1205 1107,1204 1111,1203 1150,1201"/>
          <TextEquiv conf="0.9229839">
            <Unicode>aliquid</Unicode>
          </TextEquiv>
        </Word>
        <Word id="region0011_line0006_word0007" custom="readingOrder {index:7;}">
          <Coords points="1223,1168 1157,1169 1157,1199 1161,1197 1173,1201 1190,1200 1194,1202 1200,1202 1207,1195 1223,1195"/>
          <TextEquiv conf="0.91390747">
            <Unicode>ſaty-</Unicode>
          </TextEquiv>
        </Word>
        <TextEquiv>
          <Unicode>cendi genere tuetur, quanquam non negat, aliquid ſaty-</Unicode>
        </TextEquiv>
      </TextLine>
      <TextLine id="region0011_line0007" custom="readingOrder {index:6;}">
        <Coords points="1207,1196 1200,1204 1190,1201 1173,1202 1166,1198 1155,1202 1111,1204 1101,1208 1089,1205 1051,1207 1039,1204 1033,1208 1011,1208 996,1213 975,1208 957,1209 952,1204 931,1210 890,1208 884,1211 830,1212 822,1216 790,1213 786,1210 774,1210 751,1218 742,1217 739,1210 720,1211 710,1215 689,1216 576,1218 572,1215 562,1216 557,1220 543,1223 527,1220 476,1221 470,1217 462,1217 457,1221 441,1221 442,1255 689,1250 723,1244 749,1248 881,1246 886,1242 895,1241 900,1245 969,1244 996,1241 1002,1238 1016,1241 1021,1237 1028,1240 1122,1237 1129,1241 1137,1240 1159,1231 1166,1231 1172,1235 1229,1234 1228,1199"/>
        <Baseline points="442,1246 1229,1226"/>
        <Word id="word_1662387084271_4120" custom="readingOrder {index:0;}">
          <Coords points="448,1221 457,1221 462,1217 470,1217 476,1221 527,1220 535,1221 535,1236 449,1238"/>
          <TextEquiv>
            <Unicode>ricum</Unicode>
          </TextEquiv>
        </Word>
        <Word id="word_1662387084270_4119" custom="readingOrder {index:1;}">
          <Coords points="535,1221 543,1223 557,1220 562,1216 572,1215 576,1218 684,1216 685,1235 535,1236"/>
          <TextEquiv>
            <Unicode>admixtum</Unicode>
          </TextEquiv>
        </Word>
        <Word id="region0011_line0007_word0001" custom="readingOrder {index:2;}">
          <Coords points="701,1238 756,1237 755,1216 751,1218 742,1217 739,1210 720,1211 710,1215 700,1215"/>
          <TextEquiv conf="0.8831248">
            <Unicode>eſſe,</Unicode>
          </TextEquiv>
        </Word>
        <Word id="region0011_line0007_word0002" custom="readingOrder {index:3;}">
          <Coords points="770,1233 833,1232 832,1211 830,1212 822,1216 790,1213 786,1210 774,1210 769,1211"/>
          <TextEquiv conf="0.8720115">
            <Unicode>dum</Unicode>
          </TextEquiv>
        </Word>
        <Word id="region0011_line0007_word0003" custom="readingOrder {index:4;}">
          <Coords points="845,1213 879,1213 880,1232 846,1232"/>
          <TextEquiv conf="0.66363806">
            <Unicode>ita</Unicode>
          </TextEquiv>
        </Word>
        <Word id="region0011_line0007_word0004" custom="readingOrder {index:5;}">
          <Coords points="893,1231 981,1230 980,1209 975,1208 957,1209 952,1204 931,1210 892,1208"/>
          <TextEquiv conf="0.91912943">
            <Unicode>laudat</Unicode>
          </TextEquiv>
        </Word>
        <Word id="region0011_line0007_word0005" custom="readingOrder {index:6;}">
          <Coords points="992,1237 1121,1236 1120,1203 1111,1204 1101,1208 1089,1205 1051,1207 1039,1204 1033,1208 1011,1208 996,1213 991,1211"/>
          <TextEquiv conf="0.91931397">
            <Unicode>optimum</Unicode>
          </TextEquiv>
        </Word>
        <Word id="region0011_line0007_word0006" custom="readingOrder {index:7;}">
          <Coords points="1159,1200 1155,1202 1127,1203 1128,1235 1150,1234 1159,1231 1166,1231 1170,1234 1223,1233 1222,1199 1204,1199 1200,1204 1190,1201 1173,1202 1169,1200"/>
          <TextEquiv conf="0.91504693">
            <Unicode>princi-</Unicode>
          </TextEquiv>
        </Word>
        <TextEquiv>
          <Unicode>ricum admixtum eſſe, dum ita laudat optimum princi-</Unicode>
        </TextEquiv>
      </TextLine>
      <TextLine id="region0011_line0008" custom="readingOrder {index:7;}">
        <Coords points="1159,1232 1137,1241 1129,1242 1122,1238 1028,1241 1021,1238 1016,1242 1002,1239 996,1242 969,1245 900,1246 895,1242 886,1243 881,1247 749,1249 723,1245 689,1251 442,1256 441,1301 447,1297 473,1295 478,1291 526,1292 557,1288 662,1286 668,1292 684,1293 690,1286 696,1285 769,1284 795,1291 808,1290 814,1284 863,1286 875,1282 1228,1269 1229,1235 1172,1236 1166,1232"/>
        <Baseline points="441,1290 541,1279 1228,1260"/>
        <Word id="region0011_line0008_word0000" custom="readingOrder {index:0;}">
          <Coords points="452,1280 529,1281 529,1256 452,1255"/>
          <TextEquiv conf="0.9026669">
            <Unicode>pem,</Unicode>
          </TextEquiv>
        </Word>
        <Word id="word_1662387340752_4140" custom="readingOrder {index:1;}">
          <Coords points="540,1254 571,1253 571,1271 540,1272"/>
          <TextEquiv>
            <Unicode>vt</Unicode>
          </TextEquiv>
        </Word>
        <Word id="word_1662387340752_4139" custom="readingOrder {index:2;}">
          <Coords points="571,1253 664,1251 664,1270 571,1271"/>
          <TextEquiv>
            <Unicode>acriter</Unicode>
          </TextEquiv>
        </Word>
        <Word id="region0011_line0008_word0002" custom="readingOrder {index:3;}">
          <Coords points="675,1252 712,1252 712,1278 675,1278"/>
          <TextEquiv>
            <Unicode>per</Unicode>
          </TextEquiv>
        </Word>
        <Word id="region0011_line0008_word0003" custom="readingOrder {index:4;}">
          <Coords points="719,1278 839,1276 839,1247 749,1249 723,1245 719,1245"/>
          <TextEquiv conf="0.7786664">
            <Unicode>ſtringat,</Unicode>
          </TextEquiv>
        </Word>
        <Word id="region0011_line0008_word0004" custom="readingOrder {index:5;}">
          <Coords points="851,1275 895,1274 895,1242 886,1243 881,1247 851,1247"/>
          <TextEquiv conf="0.8860523">
            <Unicode>qui</Unicode>
          </TextEquiv>
        </Word>
        <Word id="region0011_line0008_word0005" custom="readingOrder {index:6;}">
          <Coords points="998,1241 996,1242 969,1245 908,1246 908,1270 1103,1268 1103,1240 1039,1241 1028,1241 1027,1241 1017,1241 1016,1242 1011,1241"/>
          <TextEquiv conf="0.8860523">
            <Unicode>anteceſſerunt,</Unicode>
          </TextEquiv>
        </Word>
        <Word id="region0011_line0008_word0006" custom="readingOrder {index:7;}">
          <Coords points="1116,1265 1207,1264 1207,1237 1145,1237 1137,1241 1129,1242 1122,1238 1116,1238"/>
          <TextEquiv conf="0.91936266">
            <Unicode>malos.</Unicode>
          </TextEquiv>
        </Word>
        <TextEquiv>
          <Unicode>pem, vt acriter per ſtringat, qui anteceſſerunt, malos.</Unicode>
        </TextEquiv>
      </TextLine>
      <TextLine id="region0011_line0009" custom="readingOrder {index:8;}">
        <Coords points="1168,1271 1160,1278 1152,1278 1145,1273 1106,1274 1084,1275 1078,1281 1059,1282 982,1284 978,1279 953,1280 946,1286 939,1286 925,1281 907,1281 875,1283 863,1287 850,1285 845,1290 795,1292 769,1285 763,1292 681,1295 531,1298 524,1292 478,1292 473,1296 445,1299 442,1302 443,1321 445,1324 465,1330 501,1330 539,1327 641,1329 706,1323 711,1324 716,1332 726,1332 736,1323 745,1326 787,1326 792,1323 804,1323 808,1326 849,1324 860,1328 877,1321 890,1324 899,1323 903,1320 1039,1319 1046,1323 1057,1322 1076,1313 1090,1317 1166,1315 1184,1310 1192,1310 1198,1314 1229,1312 1228,1276 1184,1278 1179,1272"/>
        <Baseline points="444,1323 1228,1303"/>
        <Word id="region0011_line0009_word0000" custom="readingOrder {index:0;}">
          <Coords points="486,1332 507,1332 506,1292 485,1292"/>
          <TextEquiv conf="0.51988333">
            <Unicode>I,</Unicode>
          </TextEquiv>
        </Word>
        <Word id="region0011_line0009_word0001" custom="readingOrder {index:1;}">
          <Coords points="514,1295 514,1325 535,1325 535,1297 531,1298 527,1295"/>
          <TextEquiv conf="0.82033366">
            <Unicode>1.</Unicode>
          </TextEquiv>
        </Word>
        <Word id="region0011_line0009_word0002" custom="readingOrder {index:2;} textStyle {offset:0; length:2;italic:true; fontSize:0.0; kerning:0;}">
          <Coords points="557,1310 587,1309 587,1296 557,1297"/>
          <TextEquiv conf="0.48790225">
            <Unicode>ut</Unicode>
          </TextEquiv>
        </Word>
        <Word id="region0011_line0009_word0003" custom="readingOrder {index:3;} textStyle {offset:0; length:5;italic:true; fontSize:0.0; kerning:0;}">
          <Coords points="606,1324 686,1323 686,1294 681,1295 606,1296"/>
          <TextEquiv>
            <Unicode>rerum</Unicode>
          </TextEquiv>
        </Word>
        <Word id="region0011_line0009_word0004" custom="readingOrder {index:4;} textStyle {offset:0; length:10;italic:true; fontSize:0.0; kerning:0;}">
          <Coords points="706,1316 867,1314 866,1285 863,1287 850,1285 845,1290 795,1292 769,1285 763,1292 705,1294"/>
          <TextEquiv conf="0.3968879">
            <Unicode>agendarum)</Unicode>
          </TextEquiv>
        </Word>
        <Word id="region0011_line0009_word0005" custom="readingOrder {index:5;}">
          <Coords points="891,1281 890,1282 890,1308 1005,1306 1005,1283 982,1284 979,1280 951,1280 946,1286 939,1286 926,1281"/>
          <TextEquiv conf="0.8472931">
            <Unicode>Manlius</Unicode>
          </TextEquiv>
        </Word>
        <Word id="region0011_line0009_word0006" custom="readingOrder {index:6;}">
          <Coords points="1031,1313 1101,1312 1100,1277 1081,1277 1078,1281 1059,1282 1030,1282"/>
          <TextEquiv conf="0.9123198">
            <Unicode>apud</Unicode>
          </TextEquiv>
        </Word>
        <Word id="region0011_line0009_word0007" custom="readingOrder {index:7;}">
          <Coords points="1119,1276 1119,1303 1223,1301 1223,1276 1184,1278 1181,1274 1163,1275 1160,1278 1152,1278 1148,1275"/>
          <TextEquiv conf="0.8756454">
            <Unicode>Liuium</Unicode>
          </TextEquiv>
        </Word>
        <TextEquiv>
          <Unicode>I, 1. ut rerum agendarum) Manlius apud Liuium</Unicode>
        </TextEquiv>
      </TextLine>
      <TextLine id="region0011_line0010" custom="readingOrder {index:9;}">
        <Coords points="1184,1311 1166,1316 1137,1317 1090,1318 1076,1314 1057,1323 1046,1324 1039,1320 903,1321 899,1324 877,1322 858,1329 849,1325 808,1327 804,1324 792,1324 787,1327 745,1327 736,1324 726,1333 716,1333 711,1325 706,1324 641,1330 550,1328 501,1331 465,1331 442,1325 442,1369 480,1369 494,1364 500,1368 606,1365 641,1368 648,1361 658,1361 662,1364 747,1362 759,1365 770,1357 784,1357 789,1360 847,1359 853,1355 863,1355 869,1359 922,1358 929,1354 941,1353 955,1358 977,1353 983,1358 997,1359 1011,1352 1033,1350 1063,1352 1085,1352 1092,1348 1108,1351 1228,1348 1229,1313 1198,1315 1192,1311"/>
        <Baseline points="442,1359 1228,1338"/>
        <Word id="word_1662387406589_4180" custom="readingOrder {index:0;}">
          <Coords points="453,1329 457,1328 465,1331 501,1331 550,1328 593,1328 593,1354 453,1356"/>
          <TextEquiv>
            <Unicode>XXXVIII</Unicode>
          </TextEquiv>
        </Word>
        <Word id="word_1662387406588_4179" custom="readingOrder {index:1;}">
          <Coords points="593,1328 620,1329 620,1354 593,1354"/>
          <TextEquiv>
            <Unicode>c.</Unicode>
          </TextEquiv>
        </Word>
        <Word id="region0011_line0010_word0001" custom="readingOrder {index:2;}">
          <Coords points="631,1330 631,1357 670,1356 670,1329 644,1329 641,1330 635,1329"/>
          <TextEquiv conf="0.9049984">
            <Unicode>48.</Unicode>
          </TextEquiv>
        </Word>
        <Word id="region0011_line0010_word0002" custom="readingOrder {index:3;} textStyle {offset:0; length:3;italic:true; fontSize:0.0; kerning:0;}">
          <Coords points="691,1349 737,1348 737,1324 736,1324 726,1333 716,1333 711,1325 706,1324 691,1325"/>
          <TextEquiv conf="0.89467925">
            <Unicode>Sed</Unicode>
          </TextEquiv>
        </Word>
        <Word id="region0011_line0010_word0003" custom="readingOrder {index:4;} textStyle {offset:0; length:3;italic:true; fontSize:0.0; kerning:0;}">
          <Coords points="744,1330 782,1330 782,1354 744,1354"/>
          <TextEquiv conf="0.9104037">
            <Unicode>ego</Unicode>
          </TextEquiv>
        </Word>
        <Word id="region0011_line0010_word0004" custom="readingOrder {index:5;} textStyle {offset:0; length:2;italic:true; fontSize:0.0; kerning:0;}">
          <Coords points="791,1347 817,1346 817,1326 808,1327 804,1324 792,1324 791,1324"/>
          <TextEquiv conf="0.8840076">
            <Unicode>in</Unicode>
          </TextEquiv>
        </Word>
        <Word id="region0011_line0010_word0005" custom="readingOrder {index:6;} textStyle {offset:0; length:2;italic:true; fontSize:0.0; kerning:0;}">
          <Coords points="824,1329 850,1329 850,1345 824,1345"/>
          <TextEquiv conf="0.5944591">
            <Unicode>ea</Unicode>
          </TextEquiv>
        </Word>
        <Word id="region0011_line0010_word0006" custom="readingOrder {index:7;} textStyle {offset:0; length:9;italic:true; fontSize:0.0; kerning:0;}">
          <Coords points="863,1349 971,1348 971,1320 903,1321 899,1324 877,1322 863,1327"/>
          <TextEquiv conf="0.85785705">
            <Unicode>ciuitate,</Unicode>
          </TextEquiv>
        </Word>
        <Word id="region0011_line0010_word0007" custom="readingOrder {index:8;} textStyle {offset:0; length:4;italic:true; fontSize:0.0; kerning:0;}">
          <Coords points="1043,1326 985,1326 985,1352 1011,1352 1033,1350 1043,1350"/>
          <TextEquiv conf="0.74129045">
            <Unicode>quae</Unicode>
          </TextEquiv>
        </Word>
        <Word id="region0011_line0010_word0008" custom="readingOrder {index:9;} textStyle {offset:0; length:4;italic:true; fontSize:0.0; kerning:0;}">
          <Coords points="1067,1318 1057,1323 1057,1343 1107,1343 1107,1318 1090,1318"/>
          <TextEquiv conf="0.8451375">
            <Unicode>ideo</Unicode>
          </TextEquiv>
        </Word>
        <Word id="region0011_line0010_word0009" custom="readingOrder {index:10;} textStyle {offset:0; length:7;italic:true; fontSize:0.0; kerning:0;}">
          <Coords points="1115,1318 1225,1316 1225,1341 1115,1343"/>
          <TextEquiv>
            <Unicode>omnibus</Unicode>
          </TextEquiv>
        </Word>
        <TextEquiv>
          <Unicode>XXXVIII c. 48. Sed ego in ea ciuitate, quae ideo omnibus</Unicode>
        </TextEquiv>
      </TextLine>
      <TextLine id="region0011_line0011" custom="readingOrder {index:10;}">
        <Coords points="1092,1349 1085,1353 1015,1352 997,1360 983,1359 977,1354 955,1359 945,1354 929,1355 922,1359 869,1360 863,1356 853,1356 847,1360 790,1362 784,1358 770,1358 759,1366 747,1363 662,1365 658,1362 648,1362 641,1369 606,1366 500,1369 494,1365 487,1365 480,1370 441,1370 442,1403 551,1402 573,1397 580,1403 592,1403 597,1400 665,1399 692,1402 734,1396 788,1396 795,1400 804,1400 813,1395 859,1394 865,1390 872,1390 879,1394 898,1393 908,1389 954,1388 1003,1391 1019,1387 1048,1390 1115,1386 1122,1389 1134,1383 1160,1384 1166,1379 1174,1379 1186,1383 1206,1381 1211,1376 1211,1356 1206,1351 1108,1352"/>
        <Baseline points="442,1393 1211,1372"/>
        <Word id="region0011_line0011_word0000" custom="readingOrder {index:0;} textStyle {offset:0; length:5;italic:true; fontSize:0.0; kerning:0;}">
          <Coords points="455,1390 525,1389 525,1368 500,1369 494,1365 487,1365 480,1370 455,1370"/>
          <TextEquiv conf="0.8916283">
            <Unicode>rebus</Unicode>
          </TextEquiv>
        </Word>
        <Word id="word_1662387442884_4206" custom="readingOrder {index:1;} textStyle {offset:0; length:11;italic:true; fontSize:0.0; kerning:0;}">
          <Coords points="539,1368 648,1362 658,1362 677,1364 677,1384 598,1392 540,1393"/>
          <TextEquiv>
            <Unicode>incipiendis</Unicode>
          </TextEquiv>
        </Word>
        <Word id="region0011_line0011_word0003" custom="readingOrder {index:2;} textStyle {offset:0; length:11;italic:true; fontSize:0.0; kerning:0;}">
          <Coords points="768,1358 759,1366 747,1363 681,1364 682,1393 839,1391 838,1360 790,1362 785,1358"/>
          <TextEquiv conf="0.84537995">
            <Unicode>gerendisque</Unicode>
          </TextEquiv>
        </Word>
        <Word id="region0011_line0011_word0004" custom="readingOrder {index:3;} textStyle {offset:0; length:4;italic:true; fontSize:0.0; kerning:0;}">
          <Coords points="850,1357 847,1360 846,1360 846,1383 899,1382 899,1359 869,1360 865,1357"/>
          <TextEquiv conf="0.9108702">
            <Unicode>deos</Unicode>
          </TextEquiv>
        </Word>
        <Word id="region0011_line0011_word0005" custom="readingOrder {index:4;} textStyle {offset:0; length:8;italic:true; fontSize:0.0; kerning:0;}">
          <Coords points="924,1357 922,1359 906,1359 906,1387 1010,1386 1010,1357 1003,1357 997,1360 983,1359 980,1357 961,1357 955,1359 952,1357"/>
          <TextEquiv>
            <Unicode>adhibet,</Unicode>
          </TextEquiv>
        </Word>
        <Word id="region0011_line0011_word0006" custom="readingOrder {index:5;}">
          <Coords points="1035,1355 1049,1355 1049,1382 1035,1382"/>
          <TextEquiv conf="0.9238399">
            <Unicode>&amp;</Unicode>
          </TextEquiv>
        </Word>
        <Word id="region0011_line0011_word0007" custom="readingOrder {index:6;}">
          <Coords points="1171,1354 1066,1355 1066,1388 1084,1387 1115,1386 1118,1387 1125,1387 1134,1383 1160,1384 1166,1379 1171,1379"/>
          <TextEquiv conf="0.84090316">
            <Unicode>reliqua.</Unicode>
          </TextEquiv>
        </Word>
        <TextEquiv>
          <Unicode>rebus incipiendis gerendisque deos adhibet, &amp; reliqua.</Unicode>
        </TextEquiv>
      </TextLine>
      <TextLine id="region0011_line0012" custom="readingOrder {index:11;}">
        <Coords points="1166,1380 1160,1385 1134,1384 1123,1390 1115,1387 1064,1390 1019,1388 1003,1392 954,1389 909,1390 898,1394 879,1395 873,1391 866,1391 859,1395 813,1396 804,1401 795,1401 788,1397 711,1399 692,1403 665,1400 597,1401 592,1404 580,1404 573,1398 551,1403 493,1401 489,1404 451,1408 448,1412 448,1429 457,1433 478,1434 636,1431 640,1434 722,1429 727,1433 736,1433 743,1430 764,1431 773,1427 788,1430 802,1428 808,1431 893,1427 902,1431 935,1428 940,1424 949,1424 957,1428 964,1425 1011,1424 1018,1421 1026,1421 1034,1426 1068,1425 1085,1420 1098,1423 1129,1423 1135,1419 1145,1418 1151,1422 1228,1420 1228,1382 1186,1384 1182,1381"/>
        <Baseline points="448,1426 1228,1410"/>
        <Word id="region0011_line0012_word0000" custom="readingOrder {index:0;} textStyle {offset:0; length:7;italic:true; fontSize:0.0; kerning:0;}">
          <Coords points="489,1419 582,1418 582,1404 580,1404 573,1398 551,1403 493,1401 489,1404"/>
          <TextEquiv conf="0.75605166">
            <Unicode>dicendi</Unicode>
          </TextEquiv>
        </Word>
        <Word id="region0011_line0012_word0001" custom="readingOrder {index:1;} textStyle {offset:0; length:7;italic:true; fontSize:0.0; kerning:0;}">
          <Coords points="592,1416 690,1415 690,1402 665,1400 597,1401 592,1404"/>
          <TextEquiv>
            <Unicode>initium</Unicode>
          </TextEquiv>
        </Word>
        <Word id="region0011_line0012_word0002" custom="readingOrder {index:2;} textStyle {offset:0; length:1;italic:true; fontSize:0.0; kerning:0;}">
          <Coords points="704,1414 716,1414 716,1399 711,1399 704,1400"/>
          <TextEquiv conf="0.865444">
            <Unicode>a</Unicode>
          </TextEquiv>
        </Word>
        <Word id="region0011_line0012_word0003" custom="readingOrder {index:3;} textStyle {offset:0; length:14;italic:true; fontSize:0.0; kerning:0;}">
          <Coords points="728,1423 916,1420 915,1389 909,1390 898,1394 879,1395 873,1391 866,1391 859,1395 813,1396 804,1401 795,1401 788,1397 727,1398"/>
          <TextEquiv>
            <Unicode>precationibus)</Unicode>
          </TextEquiv>
        </Word>
        <Word id="region0011_line0012_word0004" custom="readingOrder {index:4;}">
          <Coords points="939,1414 1009,1413 1008,1390 1003,1392 954,1389 938,1389"/>
          <TextEquiv conf="0.5865085">
            <Unicode>Idem</Unicode>
          </TextEquiv>
        </Word>
        <Word id="region0011_line0012_word0005" custom="readingOrder {index:5;}">
          <Coords points="1020,1389 1021,1413 1102,1412 1101,1388 1097,1388 1064,1390 1036,1388"/>
          <TextEquiv>
            <Unicode>Liuius</Unicode>
          </TextEquiv>
        </Word>
        <Word id="region0011_line0012_word0006" custom="readingOrder {index:6;}">
          <Coords points="1166,1380 1160,1385 1134,1384 1123,1390 1115,1387 1114,1387 1115,1421 1132,1421 1135,1419 1145,1418 1149,1420 1224,1419 1223,1382 1186,1384 1182,1381 1167,1380"/>
          <TextEquiv conf="0.8603745">
            <Unicode>illuſtrat</Unicode>
          </TextEquiv>
        </Word>
        <TextEquiv>
          <Unicode>dicendi initium a precationibus) Idem Liuius illuſtrat</Unicode>
        </TextEquiv>
      </TextLine>
      <TextLine id="region0011_line0013" custom="readingOrder {index:12;}">
        <Coords points="1135,1420 1129,1424 1098,1424 1085,1421 1073,1426 1034,1427 1026,1422 1011,1425 964,1426 957,1429 949,1425 940,1425 935,1429 902,1432 893,1428 808,1432 802,1429 788,1431 781,1428 740,1434 727,1434 722,1430 661,1434 640,1435 636,1432 478,1435 442,1430 441,1472 573,1472 631,1471 637,1467 648,1466 653,1470 670,1471 706,1467 764,1470 773,1466 852,1465 860,1461 872,1461 875,1468 887,1462 894,1464 924,1465 1006,1464 1036,1461 1061,1460 1071,1463 1082,1459 1190,1456 1194,1453 1206,1453 1218,1457 1228,1456 1228,1421 1151,1423 1145,1419"/>
        <Baseline points="442,1464 1228,1447"/>
        <Word id="region0011_line0013_word0000" custom="readingOrder {index:0;}">
          <Coords points="454,1438 499,1437 499,1463 454,1464"/>
          <TextEquiv>
            <Unicode>lib.</Unicode>
          </TextEquiv>
        </Word>
        <Word id="region0011_line0013_word0001" custom="readingOrder {index:1;}">
          <Coords points="513,1436 622,1435 622,1461 513,1462"/>
          <TextEquiv>
            <Unicode>XXXIX.</Unicode>
          </TextEquiv>
        </Word>
        <Word id="region0011_line0013_word0002" custom="readingOrder {index:2;}">
          <Coords points="635,1443 647,1443 647,1459 635,1459"/>
          <TextEquiv>
            <Unicode>c.</Unicode>
          </TextEquiv>
        </Word>
        <Word id="region0011_line0013_word0003" custom="readingOrder {index:3;}">
          <Coords points="659,1440 690,1440 690,1463 659,1463"/>
          <TextEquiv conf="0.7799147">
            <Unicode>15.</Unicode>
          </TextEquiv>
        </Word>
        <Word id="region0011_line0013_word0004" custom="readingOrder {index:4;} textStyle {offset:0; length:9;italic:true; fontSize:0.0; kerning:0;}">
          <Coords points="714,1433 714,1465 831,1463 831,1431 828,1431 808,1432 806,1431 751,1432 740,1434 727,1434 725,1432"/>
          <TextEquiv>
            <Unicode>Conſules,</Unicode>
          </TextEquiv>
        </Word>
        <Word id="region0011_line0013_word0005" custom="readingOrder {index:5;}">
          <Coords points="930,1462 930,1437 840,1438 840,1463 856,1462 860,1461 872,1461 872,1462 886,1462 887,1462 888,1462"/>
          <TextEquiv conf="0.86753637">
            <Unicode>inquit,</Unicode>
          </TextEquiv>
        </Word>
        <Word id="region0011_line0013_word0006" custom="readingOrder {index:6;} textStyle {offset:0; length:2;italic:true; fontSize:0.0; kerning:0;}">
          <Coords points="938,1430 964,1430 964,1455 938,1455"/>
          <TextEquiv conf="0.8825215">
            <Unicode>in</Unicode>
          </TextEquiv>
        </Word>
        <Word id="region0011_line0013_word0007" custom="readingOrder {index:7;} textStyle {offset:0; length:6;italic:true; fontSize:0.0; kerning:0;}">
          <Coords points="973,1429 1056,1427 1056,1459 973,1461"/>
          <TextEquiv conf="0.8709014">
            <Unicode>Roſtra</Unicode>
          </TextEquiv>
        </Word>
        <Word id="word_1662387559690_4277" custom="readingOrder {index:8;} textStyle {offset:0; length:12;italic:true; fontSize:0.0; kerning:0;}">
          <Coords points="1066,1426 1082,1422 1089,1422 1224,1426 1224,1456 1218,1457 1071,1463 1066,1461"/>
          <TextEquiv>
            <Unicode>eſcenderunt,</Unicode>
          </TextEquiv>
        </Word>
        <TextEquiv>
          <Unicode>lib. XXXIX. c. 15. Conſules, inquit, in Roſtra eſcenderunt,</Unicode>
        </TextEquiv>
      </TextLine>
      <TextLine id="region0011_line0014" custom="readingOrder {index:13;}">
        <Coords points="1194,1454 1190,1457 1082,1460 1071,1464 1061,1461 924,1466 894,1465 887,1463 875,1469 872,1462 831,1467 773,1467 764,1471 715,1468 670,1472 653,1471 648,1467 637,1468 631,1472 573,1473 452,1472 441,1473 442,1510 491,1509 503,1508 510,1504 521,1504 526,1507 573,1506 587,1502 602,1502 606,1505 758,1502 763,1505 777,1505 783,1501 821,1499 854,1502 861,1496 880,1500 935,1498 945,1493 961,1493 968,1497 1062,1495 1077,1498 1087,1494 1151,1492 1157,1488 1171,1487 1229,1494 1228,1457 1218,1458 1206,1454"/>
        <Baseline points="442,1500 1229,1483"/>
        <Word id="word_1662387582733_4295" custom="readingOrder {index:0;} textStyle {offset:0; length:1;italic:true; fontSize:0.0; kerning:0;}">
          <Coords points="454,1472 488,1472 488,1494 455,1495"/>
          <TextEquiv>
            <Unicode>&amp;</Unicode>
          </TextEquiv>
        </Word>
        <Word id="word_1662387582733_4294" custom="readingOrder {index:1;}">
          <Coords points="488,1472 573,1473 601,1472 602,1502 488,1503"/>
          <TextEquiv>
            <Unicode>concione</Unicode>
          </TextEquiv>
        </Word>
        <Word id="region0011_line0014_word0001" custom="readingOrder {index:2;} textStyle {offset:0; length:9;italic:true; fontSize:0.0; kerning:0;}">
          <Coords points="616,1493 746,1491 745,1469 715,1468 670,1472 653,1471 648,1467 637,1468 631,1472 615,1472"/>
          <TextEquiv conf="0.70706004">
            <Unicode>aduocata,</Unicode>
          </TextEquiv>
        </Word>
        <Word id="region0011_line0014_word0002" custom="readingOrder {index:3;} textStyle {offset:0; length:4;italic:true; fontSize:0.0; kerning:0;}">
          <Coords points="764,1495 836,1494 835,1469 766,1470 764,1471 763,1471"/>
          <TextEquiv conf="0.5743611">
            <Unicode>quum</Unicode>
          </TextEquiv>
        </Word>
        <Word id="region0011_line0014_word0003" custom="readingOrder {index:4;} textStyle {offset:0; length:7;italic:true; fontSize:0.0; kerning:0;}">
          <Coords points="850,1493 945,1492 944,1465 924,1466 894,1465 887,1463 875,1469 872,1462 849,1464"/>
          <TextEquiv>
            <Unicode>ſolenne</Unicode>
          </TextEquiv>
        </Word>
        <Word id="region0011_line0014_word0004" custom="readingOrder {index:5;} textStyle {offset:0; length:6;italic:true; fontSize:0.0; kerning:0;}">
          <Coords points="965,1469 1059,1467 1060,1483 966,1485"/>
          <TextEquiv conf="0.6442424">
            <Unicode>carmen</Unicode>
          </TextEquiv>
        </Word>
        <Word id="region0011_line0014_word0005" custom="readingOrder {index:6;} textStyle {offset:0; length:12;italic:true; fontSize:0.0; kerning:0;}">
          <Coords points="1191,1456 1190,1457 1082,1460 1071,1464 1069,1463 1070,1490 1156,1489 1157,1488 1171,1487 1184,1489 1224,1488 1223,1457 1218,1458 1212,1456"/>
          <TextEquiv conf="0.64995635">
            <Unicode>precationis,</Unicode>
          </TextEquiv>
        </Word>
        <TextEquiv>
          <Unicode>&amp; concione aduocata, quum ſolenne carmen precationis,</Unicode>
        </TextEquiv>
      </TextLine>
      <TextLine id="region0011_line0015" custom="readingOrder {index:14;}">
        <Coords points="1171,1488 1157,1489 1151,1493 1087,1495 1077,1499 1062,1496 969,1499 961,1494 945,1494 935,1499 917,1500 880,1501 870,1497 861,1497 854,1503 841,1500 783,1502 777,1506 763,1506 758,1503 606,1506 602,1503 587,1503 573,1507 526,1508 521,1505 510,1505 503,1509 491,1510 443,1511 441,1543 464,1547 476,1543 505,1542 518,1539 528,1545 536,1538 540,1538 545,1541 569,1540 575,1543 602,1539 650,1542 668,1538 673,1534 707,1533 714,1534 717,1541 724,1542 736,1536 770,1536 776,1532 831,1535 840,1530 922,1529 969,1532 984,1535 997,1530 1026,1530 1033,1525 1042,1525 1048,1529 1069,1525 1086,1530 1123,1528 1136,1531 1228,1523 1228,1494"/>
        <Baseline points="442,1535 1228,1514"/>
        <Word id="region0011_line0015_word0000" custom="readingOrder {index:0;} textStyle {offset:0; length:4;italic:true; fontSize:0.0; kerning:0;}">
          <Coords points="456,1533 513,1532 513,1505 510,1505 503,1509 491,1510 456,1510"/>
          <TextEquiv>
            <Unicode>quod</Unicode>
          </TextEquiv>
        </Word>
        <Word id="region0011_line0015_word0001" custom="readingOrder {index:1;} textStyle {offset:0; length:9;italic:true; fontSize:0.0; kerning:0;}">
          <Coords points="525,1532 640,1531 640,1505 606,1506 602,1503 587,1503 573,1507 526,1508 525,1507"/>
          <TextEquiv conf="0.43400875">
            <Unicode>praefari,</Unicode>
          </TextEquiv>
        </Word>
        <Word id="region0011_line0015_word0002" custom="readingOrder {index:2;} textStyle {offset:0; length:9;italic:true; fontSize:0.0; kerning:0;}">
          <Coords points="646,1506 646,1533 788,1531 788,1504 779,1504 777,1506 763,1506 760,1504"/>
          <TextEquiv conf="0.56086737">
            <Unicode>priusquam</Unicode>
          </TextEquiv>
        </Word>
        <Word id="region0011_line0015_word0003" custom="readingOrder {index:3;} textStyle {offset:0; length:7;italic:true; fontSize:0.0; kerning:0;}">
          <Coords points="860,1497 854,1503 841,1500 796,1501 796,1529 906,1527 906,1500 880,1501 871,1497"/>
          <TextEquiv conf="0.8989531">
            <Unicode>populum</Unicode>
          </TextEquiv>
        </Word>
        <Word id="region0011_line0015_word0004" custom="readingOrder {index:4;} textStyle {offset:0; length:12;italic:true; fontSize:0.0; kerning:0;}">
          <Coords points="941,1495 935,1499 921,1499 921,1529 1029,1527 1033,1525 1042,1525 1045,1527 1056,1527 1069,1525 1076,1527 1090,1527 1090,1494 1087,1495 1077,1499 1062,1496 969,1499 963,1495"/>
          <TextEquiv>
            <Unicode>adloquantur,</Unicode>
          </TextEquiv>
        </Word>
        <Word id="region0011_line0015_word0005" custom="readingOrder {index:5;} textStyle {offset:0; length:9;italic:true; fontSize:0.0; kerning:0;}">
          <Coords points="1153,1491 1151,1493 1100,1494 1100,1526 1215,1524 1223,1523 1223,1493 1194,1490"/>
          <TextEquiv conf="0.38750023">
            <Unicode>magiſtra-</Unicode>
          </TextEquiv>
        </Word>
        <TextEquiv>
          <Unicode>quod praefari, priusquam populum adloquantur, magiſtra-</Unicode>
        </TextEquiv>
      </TextLine>
      <TextLine id="region0011_line0016" custom="readingOrder {index:15;}">
        <Coords points="1033,1526 1026,1531 997,1531 984,1536 969,1533 922,1530 840,1531 831,1536 776,1533 770,1537 736,1537 724,1543 717,1542 714,1535 707,1534 673,1535 668,1539 650,1543 610,1540 575,1544 569,1541 545,1542 540,1539 536,1539 528,1546 518,1540 505,1543 476,1544 464,1548 441,1544 442,1579 609,1578 620,1574 645,1574 654,1565 662,1570 664,1576 672,1570 691,1574 695,1570 738,1567 763,1567 771,1571 781,1568 806,1570 815,1565 822,1565 828,1569 835,1566 846,1566 850,1569 924,1568 931,1563 951,1568 1093,1565 1116,1563 1123,1559 1194,1561 1207,1558 1210,1554 1209,1531 1206,1527 1136,1532 1123,1529 1086,1531 1069,1526 1048,1530 1042,1526"/>
        <Baseline points="442,1568 1210,1552"/>
        <Word id="region0011_line0016_word0000" custom="readingOrder {index:0;} textStyle {offset:0; length:3;italic:true; fontSize:0.0; kerning:0;}">
          <Coords points="455,1564 494,1563 493,1545 471,1545 464,1548 454,1546"/>
          <TextEquiv conf="0.92363113">
            <Unicode>tus</Unicode>
          </TextEquiv>
        </Word>
        <Word id="region0011_line0016_word0001" custom="readingOrder {index:1;} textStyle {offset:0; length:7;italic:true; fontSize:0.0; kerning:0;}">
          <Coords points="503,1569 588,1568 587,1542 575,1544 569,1541 545,1542 540,1539 536,1539 528,1546 518,1540 505,1543 502,1543"/>
          <TextEquiv conf="0.69177985">
            <Unicode>ſolent,</Unicode>
          </TextEquiv>
        </Word>
        <Word id="region0011_line0016_word0002" custom="readingOrder {index:2;} textStyle {offset:0; length:10;italic:true; fontSize:0.0; kerning:0;}">
          <Coords points="669,1537 668,1539 650,1543 610,1540 598,1541 599,1568 651,1567 654,1565 658,1567 721,1567 720,1542 717,1542 714,1537"/>
          <TextEquiv conf="0.14458573">
            <Unicode>peregiſſet</Unicode>
          </TextEquiv>
        </Word>
        <Word id="region0011_line0016_word0003" custom="readingOrder {index:3;} textStyle {offset:0; length:7;italic:true; fontSize:0.0; kerning:0;}">
          <Coords points="772,1536 770,1537 736,1537 728,1541 729,1568 738,1567 763,1567 763,1567 813,1566 814,1566 813,1535 813,1535"/>
          <TextEquiv conf="0.8671562">
            <Unicode>conſul,</Unicode>
          </TextEquiv>
        </Word>
        <Word id="region0011_line0016_word0004" custom="readingOrder {index:4;} textStyle {offset:0; length:3;italic:true; fontSize:0.0; kerning:0;}">
          <Coords points="822,1562 867,1562 866,1535 832,1535 831,1536 821,1535"/>
          <TextEquiv>
            <Unicode>&amp;c.</Unicode>
          </TextEquiv>
        </Word>
        <Word id="region0011_line0016_word0005" custom="readingOrder {index:5;}">
          <Coords points="880,1537 881,1561 1011,1559 1010,1535 985,1535 984,1536 981,1535"/>
          <TextEquiv conf="0.9151627">
            <Unicode>Gruterus</Unicode>
          </TextEquiv>
        </Word>
        <Word id="region0011_line0016_word0006" custom="readingOrder {index:6;}">
          <Coords points="1026,1531 1026,1531 1017,1531 1018,1558 1172,1556 1171,1529 1136,1532 1126,1530 1108,1530 1086,1531 1083,1530"/>
          <TextEquiv conf="0.8420124">
            <Unicode>obſeruauit.</Unicode>
          </TextEquiv>
        </Word>
        <TextEquiv>
          <Unicode>tus ſolent, peregiſſet conſul, &amp;c. Gruterus obſeruauit.</Unicode>
        </TextEquiv>
      </TextLine>
      <TextLine id="region0011_line0017" custom="readingOrder {index:16;}">
        <Coords points="1123,1560 1116,1564 1093,1566 951,1569 931,1564 924,1569 850,1570 846,1567 828,1570 822,1566 815,1566 806,1571 781,1569 771,1572 763,1568 738,1568 695,1571 691,1575 672,1571 667,1577 654,1566 645,1575 620,1575 609,1579 448,1580 445,1584 445,1601 450,1606 477,1606 485,1612 522,1611 528,1615 547,1611 580,1609 590,1604 616,1604 622,1608 655,1607 666,1610 677,1607 719,1609 730,1607 735,1603 744,1603 748,1606 895,1602 909,1606 926,1599 934,1599 943,1606 967,1606 971,1600 983,1602 991,1602 997,1598 1008,1598 1013,1601 1097,1600 1160,1596 1171,1592 1186,1595 1228,1594 1229,1591 1229,1558 1202,1559 1194,1562"/>
        <Baseline points="445,1597 525,1602 957,1596 1229,1585"/>
        <Word id="region0011_line0017_word0000" custom="readingOrder {index:0;} textStyle {offset:0; length:2;italic:true; fontSize:0.0; kerning:0;}">
          <Coords points="489,1583 510,1583 510,1598 489,1598"/>
          <TextEquiv conf="0.8190787">
            <Unicode>2.</Unicode>
          </TextEquiv>
        </Word>
        <Word id="region0011_line0017_word0001" custom="readingOrder {index:1;} textStyle {offset:0; length:4;italic:true; fontSize:0.0; kerning:0;}">
          <Coords points="599,1580 529,1581 529,1605 590,1604 590,1604 599,1604"/>
          <TextEquiv>
            <Unicode>quam</Unicode>
          </TextEquiv>
        </Word>
        <Word id="region0011_line0017_word0002" custom="readingOrder {index:2;} textStyle {offset:0; length:8;italic:true; fontSize:0.0; kerning:0;}">
          <Coords points="625,1604 728,1603 728,1568 695,1571 691,1575 672,1571 667,1577 654,1566 645,1575 625,1575"/>
          <TextEquiv conf="0.22995377">
            <Unicode>conſuli)</Unicode>
          </TextEquiv>
        </Word>
        <Word id="region0011_line0017_word0003" custom="readingOrder {index:3;}">
          <Coords points="749,1570 749,1597 868,1596 868,1569 850,1570 848,1569 832,1569 828,1570 827,1569 808,1569 806,1571 789,1569 778,1569 771,1572 766,1569"/>
          <TextEquiv conf="0.886335">
            <Unicode>Conſulis</Unicode>
          </TextEquiv>
        </Word>
        <Word id="region0011_line0017_word0004" custom="readingOrder {index:4;}">
          <Coords points="927,1566 924,1569 896,1569 896,1602 919,1601 926,1599 934,1599 937,1601 970,1601 971,1600 977,1601 991,1601 991,1568 951,1569 941,1566"/>
          <TextEquiv conf="0.90113604">
            <Unicode>quippe</Unicode>
          </TextEquiv>
        </Word>
        <Word id="region0011_line0017_word0005" custom="readingOrder {index:5;}">
          <Coords points="1008,1575 1104,1574 1104,1594 1008,1595"/>
          <TextEquiv conf="0.8998587">
            <Unicode>munus</Unicode>
          </TextEquiv>
        </Word>
        <Word id="region0011_line0017_word0006" custom="readingOrder {index:6;}">
          <Coords points="1224,1591 1224,1565 1121,1567 1121,1593 1171,1592 1171,1592 1171,1592"/>
          <TextEquiv>
            <Unicode>ſolenne</Unicode>
          </TextEquiv>
        </Word>
        <TextEquiv>
          <Unicode>2. quam conſuli) Conſulis quippe munus ſolenne</Unicode>
        </TextEquiv>
      </TextLine>
      <TextLine id="region0011_line0018" custom="readingOrder {index:17;}">
        <Coords points="1171,1593 1160,1597 1097,1601 1013,1602 1008,1599 997,1599 991,1603 983,1603 971,1601 967,1607 943,1607 934,1600 926,1600 909,1607 895,1603 748,1607 744,1604 735,1604 730,1608 719,1610 677,1608 663,1611 655,1608 622,1609 616,1605 590,1605 580,1610 547,1612 532,1616 522,1612 506,1611 441,1614 442,1644 445,1648 453,1650 491,1649 542,1656 570,1655 578,1646 706,1643 759,1643 768,1651 822,1650 831,1642 872,1640 878,1649 917,1648 923,1639 963,1639 969,1649 1002,1648 1006,1645 1008,1637 1013,1637 1019,1646 1053,1647 1065,1645 1072,1638 1129,1638 1148,1632 1228,1630 1228,1595 1186,1596"/>
        <Baseline points="441,1637 534,1643 757,1633 804,1640 843,1631 1049,1632 1228,1620"/>
        <Word id="region0011_line0018_word0000" custom="readingOrder {index:0;}">
          <Coords points="457,1616 529,1615 530,1639 458,1640"/>
          <TextEquiv conf="0.0">
            <Unicode>erat;</Unicode>
          </TextEquiv>
        </Word>
        <Word id="region0011_line0018_word0001" custom="readingOrder {index:1;}">
          <Coords points="587,1606 580,1610 552,1611 553,1643 657,1641 656,1608 655,1608 622,1609 617,1605"/>
          <TextEquiv conf="0.89505005">
            <Unicode>publico</Unicode>
          </TextEquiv>
        </Word>
        <Word id="region0011_line0018_word0002" custom="readingOrder {index:2;}">
          <Coords points="734,1604 730,1608 719,1610 677,1608 671,1609 671,1632 775,1631 775,1606 748,1607 744,1604"/>
          <TextEquiv conf="0.909008">
            <Unicode>nomine</Unicode>
          </TextEquiv>
        </Word>
        <Word id="region0011_line0018_word0003" custom="readingOrder {index:3;}">
          <Coords points="882,1640 881,1610 786,1611 787,1641 869,1640 872,1640 872,1640"/>
          <TextEquiv conf="0.14810951">
            <Unicode>gratias</Unicode>
          </TextEquiv>
        </Word>
        <Word id="region0011_line0018_word0004" custom="readingOrder {index:4;}">
          <Coords points="924,1601 909,1607 895,1603 894,1603 895,1638 1006,1637 1005,1600 995,1600 991,1603 983,1603 971,1601 967,1607 943,1607 935,1601"/>
          <TextEquiv conf="0.10947647">
            <Unicode>principi</Unicode>
          </TextEquiv>
        </Word>
        <Word id="region0011_line0018_word0005" custom="readingOrder {index:5;}">
          <Coords points="1103,1600 1097,1601 1024,1601 1025,1642 1068,1641 1072,1638 1103,1638"/>
          <TextEquiv conf="0.9016174">
            <Unicode>agere,</Unicode>
          </TextEquiv>
        </Word>
        <Word id="region0011_line0018_word0006" custom="readingOrder {index:6;}">
          <Coords points="1174,1601 1116,1602 1117,1635 1139,1634 1148,1632 1174,1631"/>
          <TextEquiv conf="0.8908196">
            <Unicode>quod</Unicode>
          </TextEquiv>
        </Word>
        <Word id="region0011_line0018_word0007" custom="readingOrder {index:7;}">
          <Coords points="1192,1608 1223,1607 1223,1625 1192,1626"/>
          <TextEquiv conf="0.8908196">
            <Unicode>ex</Unicode>
          </TextEquiv>
        </Word>
        <TextEquiv conf="0.7181126">
          <Unicode>erat; publico nomine gratias principi agere, quod ex</Unicode>
        </TextEquiv>
      </TextLine>
      <TextEquiv>
        <Unicode>Panegyricus) Laudatio principis in ſenatu, cuius hi-
ſtoriam epiſtola 18.lib. IIl prodit, ex qua ſimul cognoſci-
tur, breuius noſtrum dixiſſe in ſenatu; poſtea elaboraſſe
plenius, antequam ederet. Sunt, qui inuideant ei pane-
gyrici nomen, quod Berneggerus ex materia, loco, di-
cendi genere tuetur, quanquam non negat, aliquid ſaty-
ricum admixtum eſſe, dum ita laudat optimum princi-
pem, vt acriter per ſtringat, qui anteceſſerunt, malos.
I, 1. ut rerum agendarum) Manlius apud Liuium
XXXVIII c. 48. Sed ego in ea ciuitate, quae ideo omnibus
rebus incipiendis gerendisque deos adhibet, &amp; reliqua.
dicendi initium a precationibus) Idem Liuius illuſtrat
lib. XXXIX. c. 15. Conſules, inquit, in Roſtra eſcenderunt,
&amp; concione aduocata, quum ſolenne carmen precationis,
quod praefari, priusquam populum adloquantur, magiſtra-
tus ſolent, peregiſſet conſul, &amp;c. Gruterus obſeruauit.
2. quam conſuli) Conſulis quippe munus ſolenne
erat; publico nomine gratias principi agere, quod ex</Unicode>
      </TextEquiv>
    </TextRegion>
  </Page>
</PcGts>
