1611 2425
538 417 610 440 rum
626 406 711 441 obitu
724 405 910 444 Schneideri,
919 416 1011 451 quem
1025 403 1168 450 deplorat.
1219 405 1349 451 Subjicit
1355 404 1406 439 his

538 452 678 503 quædam
687 465 778 497 nova,
789 456 826 491 &
835 453 870 489 de
881 454 1032 488 nonnullis
1043 454 1164 501 quærit.

485 520 578 621 Q

581 526 647 561 Uas
658 521 724 557 hôc
738 523 811 571 ipsô
822 519 927 557 menſe
935 520 1122 567 Hamburgi
1131 518 1273 562 dederas,
1281 531 1331 555 eas
1339 528 1403 554 tra-

578 569 663 606 ditas
675 569 776 611 ſcias;
805 581 877 606 non
892 569 981 610 item,
994 581 1072 618 quas
1088 569 1187 606 Leidâ
1201 567 1312 606 miſiſſe
1328 580 1404 605 cum

482 632 592 663 neſcio
611 624 758 662 quonam
777 623 880 660 Maſio
894 627 1019 664 ſcribis.
1081 632 1162 664 Quas
1180 631 1325 663 interiiſſe
1340 634 1398 656 hoc

486 678 591 722 magis
608 674 717 718 doleo,
728 677 820 724 quod
835 678 874 711 iis
884 677 1049 711 Gronovii
1058 685 1154 725 atque
1160 674 1295 711 Fabricii
1303 675 1404 711 noſtri

486 731 643 765 Poëmata
650 727 801 773 adjuncta
815 725 905 764 fuiſſe
918 725 1086 773 ſignificas.
1141 727 1237 763 Nihil
1249 729 1337 763 enim
1343 726 1404 761 hu-

484 779 628 824 jusmodi
642 780 829 814 deliciarum
847 778 1002 814 hactenus
1016 778 1058 812 ad
1065 790 1128 813 nos
1135 779 1242 814 venit:
1269 778 1303 812 &
1313 777 1404 824 quic-

484 830 565 877 quid
575 829 677 877 Belgæ
688 831 722 863 &
728 829 842 866 Batavi
849 829 960 867 edunt,
968 836 1024 862 aut
1031 829 1200 873 ignoratur
1208 825 1369 879 penitùs,
1358 832 1407 877 aut

485 883 528 918 de
540 881 703 929 Catalogo
712 878 807 918 ſcitur
822 880 961 917 tantùm.
1010 881 1187 916 Librorum
1195 881 1319 928 aliquid
1325 879 1404 917 indè

483 935 569 972 nihil
585 933 730 973 infertur.
785 933 867 987 Quô
880 933 926 980 ſit,
934 944 971 970 ut
984 938 1019 971 in
1032 933 1206 970 ſolitudine
1213 933 1321 980 aliqua
1327 945 1409 982 pro-

484 983 538 1035 pè,
556 997 611 1022 aut
623 988 658 1022 in
674 985 820 1023 barbarie
836 997 930 1035 agere
942 984 1123 1023 videamur.
1175 984 1285 1037 Quare
1293 978 1320 1031 ſi
1335 983 1406 1037 quid

483 1042 572 1078 iſtius
591 1042 632 1078 ad
650 1053 712 1077 nos
728 1044 882 1083 mitteres,
893 1037 1020 1088 magnô
1035 1038 1197 1091 profectò,
1207 1040 1284 1090 quin
1295 1038 1406 1089 potius

485 1093 619 1140 ingente
634 1105 696 1129 nos
713 1092 875 1131 beneficiô
893 1104 1036 1129 ornares.
1087 1093 1216 1130 Heinſii
1225 1103 1334 1128 tamen
1342 1093 1407 1128 Re-

485 1143 692 1193 ſponſionem
708 1145 749 1182 ad
763 1148 886 1193 Balſaci
899 1145 1077 1194 Epiſtolam,
1089 1146 1125 1181 &
1142 1146 1254 1192 magni
1262 1142 1406 1181 Salmaſii

482 1196 526 1232 de
532 1198 631 1243 uſuris
638 1195 733 1233 ſemel
744 1196 881 1246 aſpicere
892 1195 1001 1233 licuit:
1026 1193 1051 1230 ſi
1062 1206 1162 1244 quam
1171 1197 1334 1236 rationem
1341 1190 1406 1230 ini-

483 1258 519 1282 re
532 1247 644 1296 poſſis,
651 1257 688 1284 ut
701 1247 762 1295 ipſi
774 1249 849 1283 libri
859 1248 902 1282 ad
916 1260 969 1282 me
981 1247 1184 1295 perveniant,
1190 1243 1370 1294 plurimum
1375 1254 1408 1282 te

485 1311 649 1339 amarem:
675 1300 715 1336 de
730 1299 865 1341 ſumma,
874 1309 911 1333 ut
919 1312 971 1348 par
984 1296 1037 1349 eſt,
1044 1298 1271 1335 ſatisfacturus.
1321 1300 1408 1334 Aca-

484 1351 601 1389 demiæ
618 1352 712 1390 ſtatus
730 1347 820 1406 longè
840 1346 1050 1403 afflictiſſimus
1064 1350 1118 1388 eſt.
1168 1351 1264 1390 Nam
1264 1351 1344 1390 belli
1352 1351 1407 1390 de-

482 1402 614 1441 functos
637 1403 821 1441 diſcrimine
835 1414 976 1439 annonæ
991 1403 1130 1451 gravitas
1144 1400 1359 1440 miſerrimum
1373 1402 1411 1437 in

484 1458 626 1495 modum
642 1458 781 1498 afflixit:
810 1457 911 1499 adeò,
926 1468 963 1493 ut
982 1458 1093 1494 invitis
1114 1456 1307 1494 mortalibus
1323 1454 1411 1493 fame

482 1510 687 1555 pereundum
693 1510 801 1545 fuerit.
855 1511 968 1557 Quare
975 1508 1086 1545 multis
1093 1509 1173 1545 hinc
1181 1500 1410 1546 diſcedendum

483 1555 564 1597 fuit:
594 1557 691 1592 Unde
705 1557 922 1592 ſtudioſorum
929 1566 1082 1589 numerus
1090 1558 1132 1588 ad
1138 1556 1257 1589 miram
1263 1558 1409 1600 paucita-

484 1617 554 1647 tem
562 1607 718 1647 redactus.
778 1613 915 1646 Interim
923 1618 1034 1645 tamen
1042 1609 1114 1643 ſunt
1122 1607 1294 1645 nobiſcum
1303 1609 1410 1644 adhuc

485 1661 641 1700 nonnulli
651 1662 733 1699 boni
750 1675 789 1698 ac
805 1663 906 1698 docti.
962 1664 1013 1697 Ac
1028 1671 1101 1702 nos,
1111 1663 1319 1708 quantumvis
1328 1661 1412 1700 nihil

485 1716 629 1754 omninò
645 1716 797 1766 ſtipendii
813 1717 956 1759 ſolvitur,
968 1714 1035 1765 quô
1048 1727 1137 1751 nunc
1149 1717 1185 1750 in
1195 1724 1347 1764 quartum
1358 1727 1411 1751 ca-

484 1779 594 1805 remus
611 1779 747 1810 annum,
757 1776 868 1802 tamen
876 1768 911 1803 &
918 1765 1046 1817 publicè
1054 1767 1273 1817 privatimque
1279 1765 1412 1801 obimus

482 1832 602 1870 partes.
620 1822 740 1869 Neque
746 1820 836 1856 enim
843 1817 1031 1866 negligendi
1040 1821 1075 1856 &
1084 1819 1320 1856 contemnendi
1328 1818 1414 1863 ſunt,

484 1870 542 1917 qui
559 1882 634 1904 cum
653 1880 778 1918 magno
790 1867 896 1904 ſumtu
910 1869 965 1906 hîc
973 1872 1099 1906 vivunt.
1167 1871 1413 1905 Commodiore

482 1924 619 1961 annonâ
633 1938 693 1961 nos
711 1923 781 1959 fore
799 1922 909 1962 uſuros
931 1922 1092 1972 deinceps,
1108 1923 1176 1971 ſpes
1193 1925 1282 1965 anni,
1293 1924 1328 1957 &
1340 1933 1412 1971 quæ

483 1976 701 2025 pulcherrimè
715 1978 871 2014 hactenus
886 1986 1110 2025 provenerunt
1119 1977 1249 2024 ſegetes,
1259 1976 1413 2012 videntur

481 2025 649 2082 ſpondere.
692 2030 797 2081 Quod
806 2030 829 2066 ſi
839 2033 908 2075 erit,
918 2032 952 2066 &
963 2030 1142 2067 Academia
1150 2029 1268 2071 noſtra,
1278 2030 1413 2078 opinor,

484 2079 636 2119 uberiora
648 2087 750 2132 paulò
764 2083 967 2121 incrementa
974 2082 1089 2132 capiet,
1100 2081 1263 2130 nobisque
1270 2080 1343 2129 ipſis
1354 2080 1411 2114 ali-
