2499 3176
942 778 1128 817 cundum
1157 780 1207 817 D.
1229 779 1390 819 MICH.
1414 775 1872 818 ETTMVLLERVM
1900 774 1941 815 in
1970 770 2087 823 Colleg.
2095 771 2205 824 praƈt.

942 832 1024 869 Seƈt.
1039 835 1126 870 VIII.
1138 833 1212 881 Cap.
1225 831 1337 878 VII.
1320 823 1355 870 p.
1347 840 1392 863 m.
1411 834 1485 875 225.
1542 823 1589 866 In
1611 822 1704 866 ſexu
1724 817 1902 877 ſequiori
1936 823 2079 880 quoque
2106 828 2207 859 men-

944 883 1054 926 ſibus
1073 877 1307 935 ſuppreſſis,
1323 892 1399 936 per
1416 878 1506 922 vias
1518 875 1728 923 inſolitas.
1739 875 1838 919 hinc
1858 876 1896 917 &
1914 888 1984 929 per
2001 873 2139 916 alvum
2169 884 2213 912 a-

945 935 1147 991 liquando
1173 935 1303 978 fluere
1329 930 1559 982 menſtrua,
1580 935 1748 975 autores
1770 922 1923 974 medici
1949 938 2216 977 annotavere,

946 1009 1128 1050 quorum
1145 995 1367 1040 relationes
1385 994 1581 1039 colleƈtas
1600 992 1766 1037 luſtrare
1800 992 1895 1034 licet
1916 992 1956 1034 in
1976 991 2142 1043 Clariſſim.
2160 991 2213 1035 D.

946 1059 1199 1105 MARTIN.
1224 1058 1523 1104 SCHVRIGII
1541 1053 1783 1104 Parthenologia
1806 1051 1912 1104 hiſtor.
1931 1054 2046 1093 medic.
2068 1055 2151 1091 Seƈt.
2172 1058 2216 1089 II.

947 1111 1021 1158 Cap.
1032 1109 1089 1142 III.
1114 1114 1140 1157 p.
1163 1117 1191 1142 m.
1210 1111 1357 1156 110-113.
1376 1102 1469 1156 §.17.
1527 1101 1621 1145 Nec
1632 1100 1700 1144 ille
1722 1088 1860 1142 fluxus
1888 1097 2133 1150 purulentus
2150 1094 2214 1137 vel

949 1177 1166 1217 cruentus,
1182 1167 1254 1220 qui
1274 1165 1333 1209 ob
1353 1161 1580 1208 ulceroſam
1598 1160 1859 1211 meſenterii,
1887 1160 2118 1212 pancreatis
2143 1168 2215 1199 aut

949 1227 1053 1271 alius
1073 1223 1236 1269 viſceris
1255 1224 1415 1274 labem,
1447 1221 1601 1265 natales
1622 1221 1713 1267 ſuos
1732 1220 1878 1269 habet,
1906 1220 1941 1263 &
1968 1233 2043 1273 per
2062 1217 2214 1261 inteſti-

953 1295 1057 1327 num
1073 1281 1231 1326 reƈtum
1251 1280 1411 1325 exitum
1432 1275 1549 1321 ſuum
1565 1277 1730 1333 quærit,
1753 1289 1853 1319 cum
1871 1274 2112 1331 Dyſenteria
2135 1272 2215 1317 erit

953 1338 1292 1386 confundendus.
1329 1342 1415 1386 Dn.
1434 1339 1706 1386 NEMEITZ
1725 1341 1769 1382 in
1784 1336 1957 1381 traƈtatu
1979 1334 2082 1377 ſuo,
2097 1331 2213 1385 cujus

954 1400 1106 1443 titulus
1118 1397 1200 1443 eſt:
1226 1404 1337 1451 Sejour
1351 1401 1391 1437 de
1408 1404 1519 1443 Paris,
1538 1397 1607 1439 ſeu
1615 1392 1958 1445 Beſchreibungen
1971 1398 2052 1437 von
2065 1389 2217 1445 Paris,

956 1455 1031 1499 Cap.
1041 1453 1189 1485 XXXIII.
1195 1456 1233 1496 p.
1251 1460 1297 1481 m.
1305 1455 1385 1491 390.
1398 1443 1613 1493 cujusdam
1630 1443 1713 1484 alvi
1728 1441 1866 1484 fluxus
1882 1438 2055 1484 mucido
2069 1449 2218 1478 cruen-

955 1504 1014 1553 ti,
1031 1501 1204 1548 Lutetiis
1216 1500 1460 1546 Pariſſorum
1479 1497 1668 1541 endemie
1685 1496 1922 1552 graſſantis,
1951 1498 1992 1537 &
2009 1496 2075 1538 ani
2094 1506 2219 1536 venas

954 1556 1203 1617 plerumque
1218 1553 1465 1606 infeſtantis,
1483 1555 1743 1601 mentionem
1762 1550 1883 1604 facit,
1900 1551 1937 1598 &
1959 1552 2015 1597 de
2030 1565 2083 1596 eo
2094 1549 2218 1598 refert

954 1620 1187 1680 ſequentia:
1210 1621 1291 1674 daß
1311 1617 1476 1677 Waſſer
1495 1622 1573 1666 aus
1592 1616 1681 1666 dem
1700 1612 2015 1673 Seyne ⸗ Fluß,
2046 1613 2150 1663 wird
2169 1621 2217 1669 zu

956 1679 1092 1738 Paris
1111 1676 1264 1728 uͤberall
1279 1669 1546 1734 gebrauchet;
1575 1684 1672 1721 man
1688 1673 1859 1725 trincket,
1877 1683 1976 1721 man
1992 1671 2133 1720 brauct
2149 1672 2223 1718 da⸗

957 1744 1069 1791 von,
1089 1746 1189 1784 man
1205 1736 1311 1788 kocht
1331 1734 1449 1791 Eſſen
1467 1733 1619 1784 damit,
1634 1741 1736 1780 ꝛc.ꝛc.
1754 1732 1835 1779 und
1854 1740 1951 1778 man
1973 1727 2059 1783 haͤlt
2077 1728 2221 1781 davor,

959 1800 1004 1842 es
1019 1794 1077 1846 ſey
1098 1793 1239 1848 ſolches
1259 1803 1325 1841 ein
1341 1788 1454 1844 ſicher
1473 1789 1663 1846 geſundes
1680 1789 1866 1843 Waſſer,
1887 1795 2007 1834 wenn
2027 1797 2125 1834 man
2144 1796 2225 1833 nur

958 1851 1146 1910 deſſelben
1165 1848 1309 1905 erſtlich
1330 1846 1543 1905 gewohnet
1560 1847 1636 1901 ſey.
1714 1845 1833 1896 Doch
1850 1844 2049 1900 Frembde
2072 1843 2223 1890 bekom⸗

960 1920 1054 1959 men
1075 1909 1254 1958 darnach
1278 1905 1501 1962 insgemein
1521 1905 1636 1955 einen
1654 1903 1805 1956 Anſtoß
1825 1910 1921 1951 vom
1938 1896 2223 1959 Durch ⸗ Fall,

962 1969 1047 2016 und
1064 1966 1198 2013 damit
1223 1963 1400 2020 bezahlet
1423 1973 1543 2016 man,
1571 1962 1650 2010 wie
1666 1964 1709 2010 es
1725 1961 1786 2009 die
1801 1958 2030 2026 Frantzoſen
2050 1950 2224 2008 nennen:

961 2023 1003 2066 le
1017 2021 1151 2066 tribut
1168 2019 1222 2062 du
1244 2017 1342 2073 pais.
1401 2019 1467 2062 De
1482 2016 1565 2061 hoc
1582 2026 1720 2059 autem
1753 2024 1856 2057 malo
1879 2012 2055 2055 medicus
2066 2022 2226 2065 magnæ

962 2079 1213 2125 eruditionis
1236 2079 1272 2120 &
1299 2075 1562 2132 experientiæ
1588 2075 1751 2119 Celeberr.
1784 2078 1836 2121 D.
1871 2076 2013 2122 FRID.
2050 2076 2226 2120 HOFF-

962 2136 1254 2184 MANNVS,
1273 2132 1318 2177 in
1325 2134 1487 2174 Medicin.
1497 2131 1658 2172 Rational.
1665 2129 1835 2183 Syſtemat.
1844 2133 1935 2168 Tom.
1946 2138 1982 2181 4.
1994 2133 2098 2168 Part..
2101 2138 2137 2179 3.
2144 2129 2227 2167 Seƈt.

964 2201 994 2227 2.
1013 2196 1087 2243 Cap.
1096 2199 1127 2238 7.
1138 2200 1172 2242 p.
1185 2195 1264 2241 527.
1281 2185 1314 2242 §.
1324 2198 1361 2239 4.
1377 2185 1457 2229 tale
1479 2183 1557 2230 fert
1573 2178 1799 2239 judicium:
1824 2187 2000 2225 convenire
2015 2195 2090 2220 cum
2105 2180 2226 2236 Dyſen-

966 2252 1052 2284 teria
1068 2246 1225 2289 videtur,
1252 2254 1408 2285 attamen
1419 2241 1461 2282 ab
1474 2244 1533 2282 illa
1543 2239 1704 2296 diſcrepat
1711 2239 1853 2293 aſfeƈtus
1866 2242 1922 2281 ille
1932 2256 1958 2279 a
1967 2239 2083 2284 Gallis,
2097 2240 2129 2278 le
2134 2238 2230 2278 Mal'

963 2293 1004 2333 de
1021 2299 1114 2332 Paris
1126 2297 1250 2336 diƈtus,
1273 2298 1330 2346 qui
1347 2296 1491 2330 Lutetiis
1505 2291 1701 2343 Pariſiorum
1716 2292 1884 2328 endemius
1899 2290 1954 2339 eſt,
1977 2292 2011 2327 &
2027 2298 2226 2340 quoscunque

952 2351 1037 2407 fere
1054 2355 1186 2402 corripit
1201 2353 1357 2391 advenas.
1413 2354 1478 2389 Hic
1491 2353 1590 2390 enim
1605 2349 1745 2402 conſiſtit
1759 2352 1798 2388 in
1820 2348 1976 2387 crebriori
1988 2349 2062 2385 alvi
2074 2344 2227 2399 dejeƈtio-

962 2426 1022 2455 ne,
1041 2413 1194 2467 primum
1209 2411 1349 2462 mucoſa,
1379 2410 1527 2464 deinceps
1543 2421 1695 2454 cruenta,
1715 2407 1785 2460 ſed
1791 2412 1832 2447 in
1844 2422 1878 2447 eo
1891 2404 2010 2458 differt
2018 2420 2041 2444 a
2044 2403 2151 2456 fluxu
2160 2410 2227 2459 Dy-

948 2467 1126 2523 ſenteria,
1153 2465 1242 2523 quod
1254 2479 1288 2505 eo
1304 2466 1518 2519 malignitate
1527 2467 1620 2518 longe
1634 2467 1808 2522 inferior,
1810 2476 1871 2502 nec
1886 2457 2085 2514 contagioſa,
2097 2473 2157 2501 nec
2159 2465 2271 2516 fe-
