2247 2810
456 549 506 584 an
519 541 600 585 Uns
612 540 780 590 gelangen
797 547 839 586 zu
852 539 958 589 laſſen
974 540 1137 588 geruhet/
1152 540 1255 585 dahin
1271 538 1494 587 inſonderheit
1509 539 1708 588 abzielend/

458 591 529 641 daß
549 600 634 635 man
655 590 716 637 bey
739 589 896 639 hieſigem
916 586 1085 637 Hoͤchſten
1106 591 1424 636 Reichs ⸗ Gericht
1451 589 1516 635 erſt
1525 590 1707 632 ermeldter

457 643 624 684 Puncten
640 640 759 687 halber
773 632 838 687 biß
847 649 886 687 zu
902 641 979 682 dem
987 638 1119 686 Erfolg
1138 637 1303 687 geſuchter
1318 639 1542 682 anderweiter
1558 639 1707 679 Reſolu-

458 693 541 730 tion
556 697 626 733 von
644 690 800 738 Kayſerl.
816 685 992 739 Majeſtaͤt
1008 690 1079 732 und
1102 691 1178 732 dem
1194 691 1294 736 Reich
1312 690 1375 731 mit
1394 688 1549 734 fernerer
1561 689 1708 737 Judica-

455 753 515 781 tur
529 741 765 792 ſuperſediren
780 734 902 790 moͤge/
919 739 1041 789 ſolches
1054 740 1162 785 haben
1174 740 1259 782 Wir
1274 741 1338 781 mit
1354 737 1617 788 gehorſamſtem
1634 743 1705 780 Re-

455 795 551 843 ſpect
573 794 709 835 daraus
726 791 892 839 erſehen;
922 793 984 835 So
1006 787 1147 838 hoͤchlich
1165 791 1252 834 Wir
1277 800 1351 833 nun
1375 787 1582 837 wuͤnſcheten
1604 791 1707 832 Euer

456 836 695 895 Churfuͤrſtl.
710 840 923 892 Durchlaͤucht
933 843 1115 889 Geſinnen
1137 850 1184 885 an
1205 845 1293 887 Uns
1306 845 1363 886 ins
1377 842 1500 886 Werck
1520 844 1644 889 richten
1663 851 1708 889 zu

456 895 625 943 koͤnnen/
649 895 683 942 ſo
698 896 812 946 wenig
835 896 909 940 will
931 896 1009 946 doch
1030 896 1065 939 in
1083 894 1236 943 Unſeren
1253 892 1420 943 Maͤchten
1439 893 1579 942 ſtehen/
1600 901 1706 941 gegen

456 949 509 992 die
524 949 604 993 Uns
618 944 751 996 dißfals
770 937 1053 1000 vorgeſchriebene
1077 943 1189 995 Geſetze
1209 948 1320 989 etwas
1336 945 1612 993 vorzunehmen/
1627 937 1707 986 oder

451 993 542 1051 auch
557 1011 625 1046 nur
641 1002 742 1049 durch
757 1002 881 1050 langes
890 1000 1141 1049 Stilleſtehen/
1153 997 1342 1049 deroſelben
1349 1001 1463 1042 Effect
1476 1010 1516 1046 zu
1529 1001 1708 1046 hemmen/

458 1053 625 1101 zumahl/
641 1052 685 1095 da
701 1053 781 1098 noch
793 1053 898 1101 lange
915 1050 995 1101 Zeit
1016 1051 1141 1099 vorbey
1162 1052 1267 1101 gehen
1286 1045 1411 1097 koͤnte/
1426 1048 1485 1099 biß
1504 1056 1593 1095 etwa
1610 1049 1708 1093 oben⸗

460 1103 631 1147 gemeldte
645 1103 859 1143 Reſolution
875 1101 1028 1151 erfolgen
1042 1095 1190 1147 moͤchte:

379 1146 597 1208 Weßwegen
613 1155 715 1199 Euer
736 1153 954 1203 Churfuͤrſtl.
972 1153 1211 1200 Durchlaͤucht
1229 1154 1407 1201 hierinnen
1427 1155 1537 1198 Uns/
1558 1156 1608 1198 die
1623 1155 1710 1198 Wir

457 1209 585 1258 Unſere
600 1208 738 1255 ſchwere
746 1210 920 1254 Pflichten
935 1206 1074 1253 deßfals
1087 1208 1170 1252 auff
1170 1208 1251 1249 Uns
1269 1208 1394 1249 haben/
1408 1207 1508 1252 nichts
1523 1206 1711 1252 beyzumeſ⸗

458 1258 546 1307 ſen/
567 1256 713 1307 ſondern
728 1259 894 1308 vielmehr
909 1260 975 1298 mit
989 1255 1143 1302 fernerer
1158 1254 1377 1300 Churfuͤrſtl.
1393 1257 1524 1300 Gnade
1541 1255 1624 1302 ſtets
1636 1254 1712 1302 bey⸗

414 1304 588 1356 gethan
599 1315 640 1350 zu
658 1306 790 1350 bleiben
805 1304 962 1355 gnaͤdigſt
975 1307 1125 1353 geruhen
1139 1306 1288 1346 werden.
1315 1306 1481 1349 Wormit
1502 1297 1585 1349 Euer
1604 1306 1711 1351 Chur⸗

459 1355 582 1407 fuͤrſtl.
595 1352 831 1401 Durchlaͤucht
844 1358 920 1399 dem
935 1355 1058 1401 Schutz
1073 1357 1133 1397 des
1145 1350 1393 1404 Allerhoͤchſten
1409 1352 1657 1403 uͤberlaſſende/
1673 1356 1709 1395 in

391 1396 776 1453 unterthaͤnigſtem
788 1405 940 1454 Reſpect
955 1399 1142 1449 verharren
1168 1410 1213 1444 ꝛc.

381 1456 465 1504 (tt)
489 1456 686 1497 Notabile
681 1451 738 1501 eſt
743 1456 954 1503 exemplum
968 1450 1099 1501 caſſatæ
1118 1450 1285 1500 Inſtantiæ
1308 1449 1468 1500 Officialis
1475 1454 1713 1493 Colonienſis

436 1518 523 1554 per
536 1508 769 1544 Sententiam
775 1506 1009 1545 Cameralem
1027 1506 1066 1542 in
1081 1506 1186 1543 cauſa
1186 1506 1313 1543 Viduæ
1331 1504 1519 1544 Catharinæ
1543 1515 1711 1541 Johannæ

449 1558 534 1607 von
534 1558 690 1609 Paland
706 1557 750 1607 zu
750 1557 976 1609 Hammeren
989 1555 1126 1601 contra
1126 1555 1275 1608 Abtißin
1292 1560 1351 1604 des
1359 1556 1518 1607 Kloſters
1531 1557 1709 1607 Uberwaſ⸗

398 1597 509 1659 ſer
517 1606 561 1661 zu
561 1603 750 1660 Muͤnſter/
760 1617 840 1657 quæ
855 1604 1100 1658 appellaverat
1119 1604 1131 1646 à
1152 1600 1502 1660 SententiaOfficialis
1531 1606 1713 1647 Colonien-

459 1666 502 1705 ſis
520 1664 702 1710 publicatâ
711 1676 744 1712 7.
752 1664 974 1714 Septembris
986 1672 1094 1711 1714.
1108 1661 1148 1700 in
1163 1673 1236 1712 qua
1244 1659 1431 1702 Sententia
1447 1662 1572 1714 prioris
1589 1661 1713 1711 Judicis

460 1707 645 1759 Officialis
671 1707 944 1760 Monaſterienſis
958 1716 1006 1755 de
1028 1726 1082 1754 10.
1099 1713 1283 1754 Februarii
1303 1723 1408 1762 1714.
1415 1713 1498 1752 erat
1514 1712 1658 1753 laudata
1674 1714 1712 1754 &

457 1766 688 1807 confirmata.
736 1765 1065 1815 Quandoquidem
1080 1764 1165 1807 verò
1184 1760 1363 1814 Proceſſus
1383 1760 1521 1815 fuiſſent
1538 1764 1712 1814 reprodu-

406 1821 509 1860 cti
524 1831 584 1869 29.
608 1814 727 1860 Martii
746 1827 842 1866 1715.
855 1817 1098 1859 nihilominus
1113 1818 1144 1858 6.
1151 1818 1274 1858 Martii
1301 1814 1410 1872 1722.
1429 1813 1619 1870 Caſſatoria
1636 1816 1712 1856 Sen-

390 1859 574 1905 tentia
588 1863 832 1915 ſequebatur,
841 1867 945 1912 cujus
957 1866 1112 1905 Tenor:

427 1920 551 1970 Jn
568 1920 796 1967 angemaßter
818 1914 1223 1969 Appellations- Sachen
1243 1920 1452 1970 Catharinen
1488 1920 1712 1964 Verwittibten

541 1979 611 2012 von
619 1973 771 2021 Paland
792 1973 903 2017 eines/
911 1977 1017 2017 wider
1030 1972 1179 2017 Abtißin
1199 1973 1259 2016 des
1266 1973 1427 2019 Kloſters
1440 1971 1655 2019 Uberwaſſer
1670 1980 1713 2020 zu

539 2022 713 2069 Muͤnſter
735 2018 900 2067 andern/
916 2022 957 2071 ſo
978 2022 1071 2068 dann
1089 2019 1243 2071 Johann
1264 2021 1428 2072 Caſparn
1448 2028 1518 2069 von
1540 2022 1713 2069 Roesfeld

538 2069 835 2112 Intervenienten
857 2069 985 2114 dritten
999 2070 1153 2116 Theils/
1174 2067 1215 2117 iſt
1229 2068 1410 2114 erkannt/
1431 2066 1501 2118 daß
1523 2069 1575 2111 die
1587 2078 1633 2110 an
1648 2070 1711 2107 den

539 2121 687 2163 Official
700 2122 741 2171 zu
755 2113 864 2163 Coͤlln
878 2123 918 2160 in
934 2117 1035 2160 cauſa
1051 2119 1118 2159 hac
1132 2119 1234 2159 merè
1248 2121 1357 2161 Civili
1375 2120 1483 2163 denen
1514 2110 1713 2169 Reichs⸗Ge⸗

537 2174 635 2223 ſetzen
649 2173 800 2229 zuwider
812 2172 1025 2225 angemaßte
1040 2174 1299 2226 Appellation,
1314 2174 1455 2224 daſelbſt
1472 2173 1609 2215 veruͤbte
1626 2175 1710 2211 Pro-

536 2212 609 2259 ceſs
624 2229 696 2263 und
708 2225 905 2268 ergangene
918 2221 1054 2266 Urtheil
1074 2227 1145 2262 von
1159 2219 1270 2263 Amts
1278 2227 1395 2267 wegen
1420 2228 1461 2265 zu
1475 2218 1622 2259 caſſiren
1638 2219 1712 2261 und

530 2271 774 2311 auffzuheben/
794 2272 959 2323 hingegen
974 2273 1057 2324 dieſe
1067 2275 1168 2320 Sach
1181 2283 1229 2316 an
1244 2274 1307 2316 den
1316 2274 1463 2320 Official
1463 2274 1513 2317 zu
1523 2271 1715 2320 Muͤnſter/

539 2325 599 2365 als
612 2327 752 2372 Richter
776 2322 880 2374 erſter
894 2324 1035 2371 Inſtanz
1056 2332 1098 2373 zu
1112 2319 1344 2376 Vollziehung
1369 2321 1474 2365 ſeiner
1496 2322 1559 2364 den
1579 2333 1636 2363 10.
1651 2326 1713 2364 Fe-

540 2374 672 2416 bruarii
680 2374 800 2413 Anno
818 2383 924 2422 1714.
940 2371 1201 2424 geſprochener/
1214 2375 1285 2415 und
1300 2376 1334 2415 in
1345 2372 1465 2419 Krafft
1474 2371 1646 2421 Rechtens
1662 2382 1713 2418 er⸗

520 2420 726 2473 wachſener
745 2425 884 2473 Urtheil
906 2433 948 2473 zu
967 2427 1169 2468 remittiren
1189 2424 1261 2467 und
1282 2425 1331 2468 zu
1350 2421 1472 2476 weiſen
1499 2420 1608 2473 ſeye;
1643 2427 1715 2471 Als
