2660 3131
565 579 638 615 EX
666 568 945 619 MORTUIS
975 584 1379 629 RESUSCITATI.

1588 590 1654 639 835

285 660 386 692 cium
410 651 505 691 rictu
527 653 747 695 inſtructum
772 654 884 704 ajunt,
913 667 957 695 ut
977 669 1102 698 totum
1118 659 1310 702 hominem
1334 660 1442 703 facile
1459 664 1570 717 poſſit
1582 668 1647 710 de-

284 723 426 753 vorare.
488 715 560 755 His
584 717 716 758 belluis
743 721 961 764 PLINIO
986 724 1023 764 &
1048 725 1517 771 THEOPHRASTO
1543 741 1643 770 mare

281 763 488 805 Idumæum
504 763 600 804 adeo
618 766 797 808 refertum
813 769 885 811 eſſe
902 770 1050 819 dicitur,
1064 782 1108 811 ut
1123 775 1245 813 nautis
1263 787 1311 813 ex
1326 778 1410 814 navi
1425 779 1641 830 proſpicere

280 833 363 861 non
381 823 422 863 ſit
438 834 572 865 tutum.
635 827 723 867 Nec
745 826 1005 882 infrequenter
1027 842 1235 873 occurrunt
1257 834 1298 873 in
1322 835 1482 876 Oceano
1500 842 1535 877 &
1550 846 1639 881 mari

281 884 572 929 mediterraneo.
630 894 841 938 PETRO
872 894 1105 943 GILLIO,
1135 897 1201 949 qui
1229 898 1410 939 Franciſci
1440 902 1467 940 I.
1499 902 1635 945 Gallia-

279 953 363 980 rum
377 939 488 994 Regis
500 941 718 985 liberalitate
733 947 775 987 in
784 945 941 994 Græcia,
950 947 1135 1002 Ægypto,
1148 951 1266 1003 Syria,
1284 953 1320 993 &
1335 954 1493 1001 Perſide,
1509 962 1635 999 omnia

279 1009 418 1039 naturæ
440 1011 570 1042 arcana
597 997 800 1058 diligenter
825 1001 1110 1062 perveſtigavit,
1127 1020 1320 1051 narrarunt
1343 1011 1575 1063 Nicæenſes,
1599 1020 1637 1058 ſe

277 1055 465 1106 ejusmodi
478 1058 622 1101 lamiam
639 1060 775 1112 cepiſſe
791 1061 837 1103 ad
846 1073 979 1115 quater
993 1065 1094 1107 mille
1108 1065 1282 1109 librarum
1297 1067 1436 1110 molem
1454 1075 1634 1114 acceden-

278 1121 369 1161 tem,
383 1112 422 1154 in
439 1115 542 1164 cujus
557 1125 689 1157 ventre
705 1117 824 1160 homo
838 1119 986 1174 integer
1004 1119 1118 1163 fuerit
1129 1134 1313 1179 repertus.
1371 1127 1475 1168 Idem
1490 1132 1523 1166 ei
1539 1146 1634 1171 con-

276 1172 473 1215 firmarunt
494 1174 739 1227 Maſſilienſes,
762 1179 896 1231 teſtati,
917 1180 958 1221 in
979 1181 1097 1231 lamia,
1117 1182 1258 1224 ibidem
1281 1195 1399 1238 capta,
1424 1188 1635 1242 deprehen-

276 1230 354 1272 ſum
386 1231 492 1274 fuiſſe
522 1232 716 1275 hominem
747 1235 958 1279 loricatum.
1028 1239 1100 1281 Etſi
1131 1253 1255 1282 autem
1285 1255 1359 1281 nec
1388 1258 1488 1284 nova
1516 1253 1634 1290 deſint

275 1288 462 1343 exempla,
484 1289 554 1330 viri
574 1303 700 1332 tamen
721 1294 859 1335 eruditi
881 1296 978 1338 hanc
1003 1297 1237 1347 ſententiam,
1261 1302 1302 1338 in
1320 1315 1391 1353 qua
1409 1312 1575 1358 ornanda
1590 1323 1634 1360 ac

276 1351 576 1395 commendanda
592 1356 721 1400 SAM.
746 1360 1121 1406 BOCHARTUS
1139 1374 1246 1404 tanto
1266 1361 1421 1416 ingenio
1443 1378 1485 1405 ac
1507 1371 1632 1407 erudi-

274 1404 393 1448 tionis
408 1419 588 1468 apparatu
601 1409 795 1460 laboravit,
810 1414 875 1456 ſibi
889 1415 1095 1459 ſumſerunt
1109 1416 1415 1470 impugnandam.

844 1488 898 1526 §.
959 1480 1059 1512 VII.

393 1519 603 1567 Noviſſime
633 1523 699 1564 ille
725 1526 820 1569 בדרל
840 1535 887 1569 דב
911 1527 973 1568 vel
1001 1527 1098 1570 ϰη̃τος
1121 1532 1243 1581 cœpit
1271 1535 1415 1582 exponi
1450 1539 1499 1571 de
1535 1551 1630 1581 orca,

273 1577 379 1629 cujus
394 1577 576 1632 ingluvies
588 1593 704 1624 tantæ
716 1584 932 1638 capacitatis
949 1587 1015 1637 eſt,
1038 1599 1083 1629 ut
1097 1588 1163 1629 alia
1176 1590 1340 1644 ingentis
1362 1597 1630 1648 magnitudinis

273 1638 437 1681 monſtra
458 1640 599 1683 marina
610 1640 807 1698 deglutire,
829 1643 867 1685 &
882 1646 1051 1701 pluribus
1072 1647 1290 1693 hominibus
1312 1650 1416 1694 ſimul
1438 1658 1632 1709 capiendis

272 1691 440 1749 ſufficere
460 1693 614 1761 poſſitt.
636 1701 742 1746 Inter
751 1704 872 1758 piſces
894 1705 1124 1761 ίχθυοφάγȣς
1140 1710 1343 1765 vægrandis
1360 1725 1402 1754 ea
1417 1714 1537 1757 bellua
1553 1724 1630 1772 pri-

273 1767 379 1797 mum
402 1756 534 1800 locum
551 1758 747 1804 obtinet.
769 1761 1041 1809 Aſſeverarunt
1063 1775 1195 1815 nautæ,
1221 1770 1286 1820 qui
1310 1772 1448 1811 horum
1472 1779 1629 1826 piſcium

273 1826 437 1868 capturæ
453 1816 721 1871 interfuerunt,
739 1820 837 1864 viſos
854 1823 917 1865 abs
931 1823 967 1867 ſe
982 1823 1053 1867 eſſe
1078 1825 1349 1883 quinquaginta
1370 1835 1531 1879 cubitos,
1556 1840 1628 1874 ſive

270 1870 391 1926 pedes
407 1884 579 1925 centum,
596 1873 620 1916 &
641 1874 749 1927 ultra,
764 1875 911 1932 longos.
971 1881 1085 1924 Unde
1107 1890 1264 1930 conſtat,
1284 1901 1353 1924 eos
1374 1891 1540 1939 vulgares
1565 1896 1626 1930 ba-

269 1932 397 1983 lænas,
422 1946 508 1988 quæ
527 1947 615 1978 raro
633 1936 728 1980 ultra
750 1939 870 1994 pedes
891 1940 1164 1998 quinquaginta
1185 1946 1462 1997 extenduntur,
1486 1952 1627 1993 anteire

268 1992 329 2035 vel
344 2006 490 2050 æquare
503 1994 683 2044 ſaltim.*
745 2001 928 2045 Balænam
944 2014 1074 2044 tamen
1094 2004 1210 2054 fuiſſe,
1234 2017 1319 2058 quæ
1331 2006 1421 2062 alga,
1445 2010 1574 2053 muſco
1590 2013 1628 2057 &

272 2049 414 2103 herbis,
428 2053 471 2094 in
482 2052 608 2097 ſundo
619 2057 729 2099 maris
744 2058 1013 2107 creſcentibus,
1028 2060 1201 2115 paſcitur,
1216 2063 1276 2103 illa
1302 2065 1387 2115 Jonæ
1407 2071 1555 2120 querela
1571 2075 1638 2111 vi-

268 2114 382 2159 detur
402 2116 581 2166 indicare,
605 2131 718 2171 quam
739 2121 835 2174 Cap.
849 2123 902 2173 II,
927 2125 966 2175 6,
985 2123 1166 2178 effundit,
1189 2131 1273 2183 סרף,
1300 2125 1493 2187 inquiens,
1516 2138 1627 2179 חבךש

261 2170 403 2222 לדאשי
427 2173 512 2230 alga
522 2172 671 2229 alligata
684 2174 733 2228 eſt
740 2177 853 2230 capiti
863 2192 954 2222 meo.

847 2252 883 2296 §.
938 2246 1064 2282 VIII.

387 2289 591 2349 Quidquid
604 2307 731 2340 autem
745 2296 826 2349 ejus
839 2299 894 2341 rei
908 2298 962 2352 ſit,
984 2299 1098 2344 nobis
1116 2300 1392 2350 reſurrectionis
1406 2308 1545 2351 Chriſti
1560 2323 1624 2352 ve-

266 2345 416 2388 ritatem
437 2351 479 2389 in
506 2359 604 2404 typo
625 2349 734 2403 Jonæ
753 2355 1068 2409 contemplaturis
1089 2357 1130 2397 in
1148 2359 1320 2413 præſenti
1338 2359 1490 2410 ſufficit,
1516 2362 1623 2405 illum

898 2420 1008 2462 Nnn
1037 2432 1097 2459 nn
1126 2432 1147 2459 2

1480 2424 1626 2467 eximiæ

318 2520 338 2543 *
361 2516 508 2565 Legatur
522 2519 732 2562 THEOD.
753 2518 934 2572 HASÆI
949 2524 1144 2573 Diſquiſitio
1159 2526 1203 2563 de
1217 2526 1395 2565 Leviathan
1405 2528 1485 2573 Jobi
1499 2532 1531 2567 &
1540 2532 1628 2570 Ceto

312 2579 468 2627 Jonæ,
483 2579 604 2616 Bremæ
618 2582 875 2626 MDCCXXIII.
894 2586 991 2627 edita,
1005 2596 1066 2621 nec
1074 2597 1141 2623 non
1153 2588 1223 2632 JO.
1268 2591 1344 2629 JAC.
1386 2593 1629 2634 SCHEUCH-

366 2639 491 2682 ZERI
507 2637 756 2690 Kupffer - Bibel
774 2648 811 2691 T.
825 2649 897 2698 IV.
917 2643 1038 2688 Tabula
1050 2648 1161 2684 DCL.
1172 2643 1211 2695 ſ.
1223 2656 1305 2692 1124.
