2635 3052
1020 486 1098 526 844

1134 476 1288 514 XXIII.
1288 476 1606 514 PLANTAE
1606 476 1824 514 FLORE
1824 476 2221 514 COMPOSITO

1469 540 1742 585 ORDO
1742 542 1873 585 II.

1103 627 1402 694 Plantarum
1414 626 1726 698 gaudentium
1720 626 1860 707 flore
1871 627 2100 699 perfeƈto,
2116 644 2232 687 com-

1165 709 1285 762 poſito
1297 705 1352 753 ex
1371 692 1613 748 regularibus
1628 697 1798 752 tantum
1815 677 1989 758 diuerſi
1991 681 2156 757 generis.

1030 780 1104 878 C

1108 780 1316 846 ARLINA,
1349 795 1487 835 magno
1512 786 1615 827 flore.
1678 780 1777 830 Aliis
1801 780 2102 844 Cardopatium.
2140 793 2298 836 Officin.

1122 860 1283 897 Perenn.

1026 903 1335 956 NYMPHAE,
1365 899 1404 944 fl.
1426 902 1490 940 alb.
1506 901 1556 941 et
1568 901 1606 939 fl.
1621 894 1748 946 luteo,
1766 902 1974 941 compoſita
1991 911 2033 947 ex
2055 907 2152 941 flore
2166 916 2297 944 penta-

1152 964 1287 1014 petalo.
1309 966 1464 1008 Officin.
1486 963 1662 1016 Indig.

1029 1040 1390 1073 HERACANTHA
1423 1031 1568 1071 conſtat
1586 1033 1634 1064 ex
1650 1021 1690 1062 fl.
1704 1022 1928 1077 polypetalo
1944 1035 1984 1063 et
1999 1025 2178 1078 regulari,
2192 1027 2297 1068 diſco

1130 1090 1303 1136 radiato.
1322 1085 1449 1128 Nota.
1480 1081 1574 1123 Vix
1588 1080 1717 1136 plures
1733 1084 1840 1126 diſco
1857 1078 2014 1141 radiato,
2022 1096 2167 1138 praeter
2182 1087 2295 1129 hanc.

1146 1140 1227 1186 Qui
1256 1140 1401 1182 diſcum
1434 1140 1702 1190 conſtituunt,
1725 1142 1968 1192 monopetali
1988 1144 2076 1183 ſunt
2102 1141 2297 1195 regulares,

1146 1188 1311 1239 quinque
1331 1195 1478 1237 laciniis
1498 1193 1615 1234 diuiſi.
1673 1193 1813 1236 Radius
1833 1194 1859 1235 ſi
1883 1185 1969 1247 quis
1998 1193 2071 1243 eſt,
2094 1187 2295 1250 polypeta-

1142 1258 1223 1296 lum
1242 1255 1376 1297 florem
1391 1255 1570 1298 imitatur.

1459 1437 1713 1476 SECTIO
1789 1441 1856 1470 II.

1018 1510 1418 1558 PLANTARVM
1460 1511 1668 1562 FLORE
1701 1515 2080 1566 PERFECTO,
2127 1518 2291 1558 COM-

1064 1578 1249 1612 POSITO
1277 1567 1336 1600 EX
1377 1563 1712 1613 REGVLARIBVS
1712 1557 1820 1612 ET
1831 1559 2249 1617 IRREGVLARIBVS

1329 1627 1712 1661 FLOSCVLIS
1745 1626 1987 1664 SIMVL.

1461 1725 1722 1771 ORDO
1785 1716 1852 1779 I.

1086 1795 1393 1851 Plantarum
1407 1798 1723 1849 gaudentium
1721 1795 1856 1854 flore
1864 1794 2090 1851 perfeƈto,
2099 1810 2217 1845 com-

1175 1864 1295 1916 poſito
1313 1870 1361 1915 ex
1376 1861 1625 1919 regularibus
1633 1864 1676 1907 in
1684 1856 1827 1919 medio,
1855 1867 1888 1908 et
1890 1855 2130 1920 irregulari-

1450 1933 1574 1982 bus
1584 1938 1634 1979 in
1644 1934 1816 1991 ambitu.

1324 2025 1524 2083 Semine
1554 2026 1773 2089 plurimo
1795 2024 1970 2076 ſolido.

1013 2109 1082 2200 F

1080 2099 1171 2156 LOS
1192 2113 1353 2154 SOLIS,
1385 2115 1423 2150 fl.
1445 2100 1561 2142 luteo,
1583 2106 1622 2135 et
1639 2095 1676 2139 fl.
1698 2110 1744 2137 ex
1759 2098 1865 2138 luteo
1885 2099 2103 2150 albeſcente,
2119 2098 2282 2155 ſimplici

1097 2172 1177 2203 et
1189 2163 1317 2204 pleno.
1383 2159 1481 2197 Aliis
1509 2155 1853 2209 Chryſanthemum
1871 2158 2146 2212 Peruuianum,
2163 2159 2280 2215 Hele-

1115 2214 1240 2256 nium
1257 2212 1428 2278 Indicum
1448 2209 1677 2273 maximum,
1691 2207 1825 2287 Herba
1837 2222 2008 2270 maxima.

1014 2290 1503 2337 CHRYSANTHEMVM,
1518 2287 1573 2331 fl.
1584 2276 1701 2341 luteo,
1723 2279 1765 2331 fl.
1765 2274 1876 2332 albo
1878 2274 1920 2331 et
1940 2281 1977 2323 fl.
1996 2282 2131 2336 partim
2152 2284 2282 2325 candi-

1135 2339 1203 2378 do,
1218 2337 1351 2390 partim
1360 2335 1478 2383 luteo,
1494 2332 1656 2388 ſimplici
1667 2333 1708 2394 et
1720 2331 1848 2390 pleno,
1867 2324 1965 2392 folio
1967 2323 2223 2385 Matricariae.

2151 2401 2287 2456 Chry-
