2356 2854
961 541 1265 601 principium,
1307 548 1421 600 quod
1446 548 1510 590 illa
1535 565 1584 592 ex
1608 548 1806 595 diuiſione
1832 553 2006 606 induco,
2057 555 2179 598 nimi-

1001 646 1112 668 rum:
1163 638 1293 679 Bona,
1338 658 1435 685 quae
1469 644 1508 672 in
1540 622 1792 678 Patrimonio
1826 642 1984 690 collegii
1996 648 2176 695 fuerunt,

1000 743 1160 800 collegio
1186 744 1365 802 diſſoluto
1386 742 1491 809 fiunt
1515 766 1575 794 res
1606 751 1750 794 nullius
1783 752 1971 802 dominii;
2018 755 2174 811 Accipe

999 853 1307 897 argumentum,
1338 845 1451 898 quod
1482 847 1681 901 probat.
1708 851 1824 893 Bona
1863 849 2055 909 collegio,
2088 867 2173 894 non

995 955 1097 984 vero
1122 939 1280 996 ſingulis
1312 944 1530 1002 collegiatis
1557 944 1646 989 ſunt
1669 946 1817 1003 legata,
1849 961 1890 991 et
1913 947 2003 993 ſunt
2027 952 2171 995 exinde

978 1052 1082 1082 non
1105 1039 1144 1081 in
1163 1039 1349 1085 dominio
1367 1041 1614 1100 ſingulorum
1641 1039 1905 1103 collegarum,
1938 1047 2005 1094 ſed
2028 1051 2068 1091 in
2094 1051 2171 1093 do-

990 1143 1123 1191 minio
1161 1144 1332 1201 collegii.
1418 1149 1462 1191 Si
1492 1150 1665 1205 proinde
1702 1150 1919 1208 collegium
1955 1154 2167 1213 diſſipatur,

2058 1250 2167 1293 bona

1073 1413 1105 1437 in
1126 1413 1223 1439 fundo
1247 1413 1346 1441 alieno
1365 1413 1433 1441 data
1459 1420 1551 1449 opera
1571 1420 1706 1445 veterem
1726 1415 1846 1445 inuenit
1865 1416 2053 1449 theſaurum,
2095 1414 2198 1453 eum

1069 1465 1198 1491 domino
1213 1465 1300 1492 fundi
1315 1465 1432 1494 tradere
1449 1465 1574 1498 dabeat,
1602 1475 1711 1502 nemo,
1741 1469 1899 1507 quomodo
1921 1468 2059 1500 vltimum
2078 1480 2165 1510 prae-

1072 1525 1183 1559 ceptum
1209 1513 1309 1564 priori
1329 1518 1477 1562 principio
1502 1519 1666 1564 congruat,
1697 1523 1834 1556 diſtincte
1863 1526 1976 1568 poterit
2004 1526 2162 1566 declarare,

1069 1577 1125 1610 niſi
1146 1578 1199 1622 qui
1221 1578 1448 1623 ambiguitatem
1472 1581 1544 1614 dicti
1564 1584 1696 1617 nominis
1718 1584 1856 1624 reſoluit,
1881 1597 1912 1617 et
1930 1596 1995 1618 rem
2015 1598 2092 1626 quae
2112 1589 2162 1621 ſo-

1069 1636 1229 1672 Iummodo
1247 1638 1358 1673 nullius
1372 1638 1518 1681 dominii,
1546 1652 1560 1672 a
1573 1650 1622 1679 re,
1652 1653 1728 1687 quae
1743 1644 1827 1678 ſimul
1842 1646 1951 1681 nullius
1968 1647 2039 1681 iuris
2058 1644 2161 1695 diſtin-

1068 1694 1144 1738 guit.
1195 1698 1438 1731 Fundamentum
1462 1696 1661 1735 diſtinctionis
1684 1714 1744 1738 iam
1768 1704 1853 1746 ſupra
1877 1704 1978 1737 datum
2002 1706 2053 1739 eſt.
2102 1710 2160 1741 Su-

1066 1766 1166 1789 matur
1184 1758 1328 1790 nimirum
1351 1758 1521 1793 dominium
1545 1770 1601 1803 pro
1615 1761 1711 1805 ſpecie
1732 1762 1804 1797 iuris
1826 1764 1857 1796 in
1879 1766 1918 1806 re'
1932 1775 1948 1797 a
1971 1765 2092 1811 reliquis
2112 1766 2158 1798 di-

1066 1813 1190 1852 ſtincta,
1226 1823 1257 1846 et
1277 1825 1325 1846 res
1349 1815 1406 1846 erit
1428 1819 1538 1850 nullius
1557 1812 1687 1855 dominii
1709 1820 1793 1853 cuius
1816 1820 1933 1853 ratione
1956 1832 2046 1854 nemo
2066 1824 2157 1861 adeſt,

1063 1873 1116 1915 qui
1132 1874 1223 1906 habet
1238 1874 1282 1905 ius
1301 1874 1364 1906 eius
1379 1875 1415 1906 de
1435 1877 1479 1909 rei
1495 1877 1653 1912 ſubſtantia
1668 1882 1714 1912 vel
1730 1879 1805 1913 facie
1821 1877 2009 1923 diſponendi.
2066 1885 2123 1918 Sed
2141 1894 2156 1914 a

1060 1928 1223 1969 negatione
1240 1928 1312 1961 iuris
1334 1931 1371 1961 de
1392 1941 1426 1961 re
1444 1931 1571 1976 quadam
1593 1933 1787 1978 diſponendi,
1809 1934 1845 1967 ad
1865 1937 2060 1979 negationem
2083 1939 2155 1972 iuris

1059 1996 1276 2029 quemcunque
1289 1988 1381 2021 alium
1397 1990 1432 2022 ab
1449 1990 1600 2025 eiusmodi
1612 1993 1656 2025 rei
1675 1990 1880 2040 adquiſitione
1896 1996 2071 2031 excludendi
2089 2007 2154 2031 non

1060 2044 1139 2081 valet
1161 2044 1391 2088 conſequentia.
1411 2048 1511 2095 Ergo
1526 2057 1561 2079 ex
1576 2048 1683 2093 logicis
1708 2061 1800 2084 notum
1817 2049 1876 2099 eſt,
1893 2062 1955 2086 rem
1972 2055 2082 2088 nullius
2095 2055 2153 2087 do-

1056 2100 1143 2135 mini
1168 2100 1279 2146 duplici
1299 2104 1352 2137 ſub
1374 2103 1627 2141 determinatione
1649 2109 1818 2152 poſſibilem
1841 2110 1915 2150 eſſe,
1953 2113 2065 2150 altera,
2092 2123 2149 2155 qua

1055 2158 1154 2198 adeſt,
1174 2158 1231 2204 qui
1250 2160 1283 2192 in
1302 2161 1448 2196 relatione
1470 2165 1508 2196 ad
1529 2174 1594 2197 eam
1612 2176 1678 2200 rem
1700 2167 1791 2201 habet
1810 2167 1867 2200 tale
1891 2168 1937 2202 ius
1959 2172 2148 2210 excludendi,

1055 2216 1159 2254 altera,
1182 2226 1242 2259 qua
1255 2227 1348 2250 nemo
1364 2219 1456 2261 adeſt,
1479 2222 1527 2253 cui
1541 2221 1572 2253 in
1585 2223 1731 2268 relatione
1746 2223 1782 2256 ad
1798 2221 1863 2257 eam
1878 2235 1942 2259 rem
1962 2230 2020 2261 tale
2035 2230 2081 2261 ius
2096 2237 2150 2268 ex-

1054 2278 1199 2309 cludendi
1218 2278 1369 2313 relictum.
1427 2282 1505 2317 Vide
1532 2288 1686 2317 DARJES
1714 2281 1837 2327 Syſtema
1862 2284 1918 2326 iur.
1944 2296 2002 2321 nat.
2021 2298 2049 2318 et
2068 2293 2146 2329 gent.
