2617 2862
1037 669 1082 704 ad
1090 668 1124 702 ſe
1138 665 1268 700 trahere
1282 663 1388 701 ſtudet
1403 667 1468 712 Jer.
1481 666 1596 708 XXXI,
1609 678 1634 709 3.
1651 676 1754 711 quare
1766 676 1838 702 eam
1854 675 1993 703 exornat
2003 665 2187 706 ſacerdotali
2200 668 2308 713 regio-

1042 725 1110 759 que
1125 720 1257 755 ornatu,
1272 712 1412 751 veſtibus
1420 714 1523 749 ſalutis
1546 717 1561 749 &
1581 714 1679 759 pallio
1698 714 1837 758 juſtitiæ,
1854 714 1957 750 veluti
1972 713 2126 762 Sponſam
2142 725 2309 750 ornantem

1038 769 1069 798 ſe
1080 765 1294 795 inſtrumentis
1307 763 1377 795 ſuis.
1392 762 1452 803 Jeſ.
1460 762 1543 802 LXI,
1551 773 1596 794 10.
1645 762 1814 796 Induenda
1829 762 1874 796 eſt
1888 762 2112 805 Hieroſolyma
2124 752 2253 805 myſtica
2261 765 2311 797 ul-

1040 819 1127 851 timis
1143 817 1256 850 diebus
1270 815 1360 859 byſſo
1379 817 1394 848 &
1421 815 1521 850 ſerico
1536 815 1660 858 juſtitiæ
1672 828 1709 851 ac
1722 815 1899 855 ſanctitatis,
1916 825 2070 862 tanquam
2083 823 2254 861 præparata
2269 818 2310 851 ad

1039 872 1166 913 nuptias
1174 870 1297 900 futuras
1313 865 1387 910 agni
1402 864 1509 911 Apoc.
1518 867 1602 908 XIX,
1610 879 1635 908 7.
1643 873 1672 904 8.
1691 878 1792 913 quare
1804 867 1924 903 dicitur
1931 867 2049 912 Sponſa
2056 878 2161 915 parata
2169 869 2241 904 viro
2250 867 2306 903 ſuo

1037 922 1147 967 Apoc.
1166 922 1235 961 XXI,
1246 932 1271 956 2.
1326 921 1381 955 De
1395 918 1538 964 caſtitate
1552 929 1690 965 quoque
1706 929 1768 953 ceu
1780 920 1928 967 primaria
1943 920 2061 955 virtute
2078 921 2233 967 gloriatur
2248 923 2309 956 Ec-

1035 977 1126 1010 cleſia
1135 983 1219 1006 vera.
1246 973 1329 1018 Eph.
1337 973 1381 1015 V,
1391 975 1439 1006 26.
1445 985 1489 1014 27.
1504 973 1700 1009 caſtiſſimam
1712 972 1890 1010 defendens
1898 980 2007 1008 contra
2022 975 2154 1018 quosvis
2165 974 2311 1009 adulato-

1035 1033 1087 1058 res
1103 1029 1133 1056 &
1148 1022 1289 1061 amaſios,
1308 1023 1449 1056 veritatis
1467 1022 1725 1065 impugnatores,
1742 1023 1910 1057 veritatem
1929 1022 2034 1066 Apoc.
2045 1022 2082 1062 II,
2091 1034 2128 1066 13.
2167 1027 2244 1059 Deo
2251 1024 2307 1058 ſuo

1037 1087 1075 1110 ac
1084 1073 1208 1121 Sponſo
1221 1075 1342 1110 cœleſti
1362 1075 1463 1111 fidem
1478 1074 1611 1109 ſervans.
1662 1076 1772 1124 Quare
1786 1078 1857 1113 falſa
1870 1076 2008 1113 Eccleſia
2020 1076 2076 1110 ſub
2093 1075 2196 1122 figura
2213 1077 2307 1112 ſcorti

1037 1135 1137 1171 atque
1153 1122 1302 1158 adulteræ
1316 1125 1515 1170 proponitur
1523 1124 1555 1156 in
1569 1124 1672 1168 ſacris,
1679 1134 1797 1170 utpote
1804 1124 1951 1171 oppoſita
1959 1135 2041 1160 veræ
2047 1126 2191 1162 Eccleſiæ
2199 1127 2308 1172 Apoc.

1033 1182 1159 1223 XVIII,
1169 1194 1192 1224 3.
1213 1183 1276 1224 Jer.
1290 1181 1336 1221 LI,
1344 1192 1371 1222 7.
1388 1180 1497 1226 Apoc.
1506 1182 1542 1218 II.
1551 1194 1600 1217 20.
1612 1184 1716 1225 XVII,
1724 1195 1746 1217 1.
1754 1195 1779 1227 3.

1136 1231 1224 1260 VIII.
1251 1226 1273 1257 f.
1289 1224 1412 1258 Cidaris
1427 1221 1570 1266 denique
1585 1220 1669 1254 inter
1685 1232 1834 1257 ornatum
1852 1220 2008 1257 Divinum
2019 1223 2208 1267 referenda,
2234 1224 2307 1257 Diis

1032 1280 1121 1305 enim
1133 1277 1231 1315 atque
1245 1275 1378 1304 Deabus
1388 1273 1541 1306 tribuitur
1553 1271 1640 1315 apud
1655 1272 1817 1317 antiquos,
1825 1271 1865 1304 ad
1875 1272 1972 1306 varias
1980 1273 2131 1308 Deorum
2138 1271 2306 1315 perfectio-

1034 1340 1089 1353 nes
1103 1337 1201 1364 atque
1215 1330 1351 1352 virtutes
1366 1323 1580 1365 deſignandas.
1628 1322 1707 1354 Huc
1722 1323 1807 1357 refer
1824 1322 1940 1364 Ezech.
1958 1324 2079 1362 XXIII,
2091 1333 2129 1358 15.
2146 1323 2202 1353 ubi
2220 1323 2308 1354 idolis

1030 1383 1184 1407 Babylon.
1197 1380 1293 1398 etiam
1318 1379 1509 1430 סרזחיﬦ
1538 1373 1726 1398 tribuuntur
1739 1375 1759 1398 i.
1770 1384 1798 1399 e.
1813 1373 1934 1417 τιάϱαι
1952 1369 1996 1397 vel
2000 1363 2196 1409 ϰυϱβασίαι,
2208 1375 2242 1397 ut
2261 1365 2308 1396 do-

1032 1455 1119 1480 cent
1132 1440 1295 1478 verſiones
1300 1438 1336 1475 ac
1351 1428 1427 1469 varii
1440 1428 1637 1467 Interpretes.
1662 1426 1706 1458 Ita
1719 1437 1861 1458 Bacchus
1868 1416 1955 1452 apud
1971 1413 2151 1448 LUCIAN.
2159 1414 2192 1445 in
2200 1413 2308 1446 Bacch.

1032 1496 1067 1535 p.
1073 1500 1123 1529 m.
1139 1490 1204 1529 614.
1219 1481 1429 1530 deſcribitur:
1457 1476 1513 1525 τὺν
1524 1474 1623 1502 ϰόμην
1637 1466 1865 1503 ἀναδεδεμένος
1884 1465 1916 1491 ἐν
1928 1453 2102 1506 ποϱφυϱίδι
2121 1451 2181 1503 ϰαϳ
2198 1455 2307 1508 Χϱυσῖ

1034 1533 1160 1545 ἐμβάδη.
1229 1533 1393 1570 Purpurea
1403 1526 1491 1566 tiara
1505 1522 1621 1556 comam
1639 1516 1796 1550 involutus
1816 1520 1853 1537 ac
1868 1519 1977 1537 aureos
1991 1513 2150 1540 cothurnos
2167 1503 2307 1539 indutus.

1035 1579 1191 1605 Similiter
1197 1577 1303 1604 Diana
1318 1572 1362 1603 ob
1372 1568 1545 1604 caſtitatem
1554 1567 1665 1604 tiaram
1680 1567 1804 1616 geſtare
1813 1568 1943 1612 dicitur,
1970 1568 2059 1608 unde
2070 1570 2258 1610 EURIPID.
2271 1570 2306 1609 in

1031 1642 1153 1681 Hecub.
1167 1653 1198 1680 v.
1213 1648 1283 1685 493.

1432 1667 1600 1732 Αϱζέμιδός
1611 1689 1651 1717 τε
1669 1676 1763 1718 Θεᾶς

1429 1730 1575 1783 Χϱυσέαν
1589 1725 1736 1779 ἅμπυϰα

1428 1790 1527 1844 Τόξα
1541 1802 1582 1826 τε
1597 1789 1631 1828 τʹ
1642 1785 1821 1839 ἐυλογήσω.

1428 1843 1599 1886 Dianæque
1615 1845 1688 1875 Deæ

1430 1891 1569 1922 Auream
1583 1886 1714 1921 mitram

1430 1936 1589 1978 Arcusque
1606 1930 1772 1970 celebrabo.

1036 1999 1141 2028 Quare
1161 1988 1294 2028 virtutes
1311 1986 1363 2023 pro
1383 1983 1447 2014 Diis
1462 1986 1576 2013 habitæ
1589 1984 1677 2022 apud
1688 1983 1844 2030 antiquos,
1863 1968 1955 2014 mitris
1969 1981 1999 2014 &
2009 1979 2101 2025 pileis
2110 1985 2224 2015 ornatæ
2232 1977 2325 2022 pin-

1036 2052 1167 2080 guntur.
1210 2038 1461 2084 JUSTITIA
1475 2038 1589 2071 tiarato
1604 2037 1704 2083 capite
1719 2030 1831 2088 ſiſtitur
1846 2036 1880 2072 in
1894 2046 2030 2071 nummo
2041 2035 2128 2082 apud
2143 2036 2305 2076 OISEL.

1040 2100 1117 2123 Tab.
1127 2098 1226 2122 LXII.
1244 2098 1274 2119 n.
1281 2095 1310 2118 6.
1334 2099 1394 2119 nec
1409 2098 1477 2122 non
1491 2086 1668 2124 BEGER.
1681 2090 1781 2123 Num.
1791 2089 1905 2130 Imper.
1919 2090 2003 2123 Rom.
2022 2089 2097 2124 Tab.
2112 2093 2208 2127 XVII.
2224 2100 2254 2124 n.
2264 2086 2305 2124 16.

1038 2142 1344 2190 CLEMENTIA
1361 2140 1493 2178 quoque
1512 2141 1615 2178 eodem
1633 2163 1748 2176 ornatu
1755 2142 1888 2174 apparet
1894 2137 1926 2161 in
1934 2144 2073 2163 nummo
2081 2133 2166 2178 apud
2175 2120 2306 2166 OISEL.

1043 2201 1121 2215 Tab.
1130 2197 1247 2211 LXIII.
1261 2198 1326 2219 n.3.
1379 2192 1484 2216 PAX
1495 2191 1637 2214 ſimiliter
1648 2189 1680 2211 in
1693 2197 1830 2214 nummo
1842 2187 2003 2224 Auguſti,
2019 2190 2107 2224 apud
2122 2182 2211 2214 eund.
2227 2178 2302 2211 Tab.

1039 2246 1155 2291 LXXI.
1172 2247 1203 2287 n.
1208 2250 1248 2287 10.
1301 2241 1484 2281 PIETAS
1492 2244 1567 2277 cum
1577 2248 1676 2276 peplo
1690 2250 1727 2275 ac
1735 2241 1830 2274 mitra
1838 2240 2014 2281 exhibetur
2024 2239 2053 2272 in
2060 2228 2196 2260 nummis
2205 2220 2302 2257 Druſi

1038 2303 1070 2322 &
1082 2299 1145 2329 Jul.
1156 2293 1278 2317 Cæſaris
1285 2296 1344 2316 &c.
1359 2293 1445 2330 apud
1461 2294 1590 2318 eundem
1609 2293 1683 2319 Tab.
1697 2293 1840 2321 LXXVI.
1855 2293 1962 2328 n.4.
1939 2293 1968 2335 6.
1967 2299 1999 2328 7.
2007 2293 2073 2324 8.
2086 2285 2234 2320 Maxime
2248 2293 2305 2317 au-

1035 2361 1111 2372 tem
1125 2347 1378 2398 LIBERTAS
1392 2346 1481 2377 cujus
1503 2344 1608 2379 figura
1627 2342 1881 2380 frequentiſſma
1898 2339 1986 2379 apud
2001 2332 2151 2378 antiquos
2160 2332 2262 2376 pileus
2276 2338 2303 2369 &
