2390 2787
436 462 660 498 CONIVGII
688 461 926 498 JOSEPHO
941 461 1165 495 MARIANI.
1175 457 1214 496 §.
1223 456 1380 495 LXVII.

1516 452 1570 505 89

260 556 406 606 ϑενείας,
421 575 449 601 1.
461 560 549 602 Pet.
568 555 624 605 III,
640 567 676 603 7.
695 552 737 592 in
753 552 907 609 Joſepho
926 550 1099 599 haberet,
1113 555 1164 596 &
1187 558 1283 591 ante
1307 545 1464 590 natales
1479 546 1573 598 Jeſu

265 607 546 657 domeſticum
571 605 816 661 virginitatis
841 612 1051 663 cuſtodem,
1073 618 1114 662 et
1147 608 1400 656 familiarem
1429 609 1573 659 partus

263 672 412 725 teſtem,
441 684 483 716 et
496 669 634 714 deinde
650 669 768 712 etiam
787 681 1001 727 numquam
1018 668 1143 721 laeſae
1162 666 1374 721 pudicitiae
1400 661 1574 711 teſtem,

267 729 581 781 cuſtodemque;
589 720 850 769 adiumentum
861 730 963 772 item
975 727 1032 780 ad
1034 731 1176 779 panem
1179 724 1252 776 ſibi
1261 723 1410 777 filioque
1418 723 1577 761 lucran-

262 784 382 830 dum;
399 783 602 831 comitem,
625 789 755 834 quum
791 785 837 823 in
861 785 1093 826 ditionem,
1113 794 1240 831 quae,
1262 793 1284 834 a
1310 779 1576 831 temporibus

266 840 540 892 Cleopatrae,
568 845 798 880 commune
820 841 1065 884 hominum,
1087 843 1139 888 ab
1161 840 1333 885 Herode
1363 851 1473 884 male
1502 838 1583 882 ha-

270 891 476 939 bitorum,
494 893 804 947 receptaculum
826 896 985 952 fuerat,
1003 897 1250 951 perfugeret
1266 894 1417 951 Matth.
1435 895 1489 958 II,
1513 909 1576 957 13;

257 939 428 997 ſocium,
457 952 589 997 quum
608 952 667 1002 ibi
686 955 794 1005 vltra
812 966 973 1005 annum
996 958 1220 1022 perſtaret;
1243 968 1285 1005 et
1305 956 1502 1014 ſuaſorem
1530 963 1578 1002 in

267 1005 393 1048 rebus
418 1002 572 1055 dubiis,
621 1006 774 1050 diuinis
802 1013 977 1058 monitis
1011 1010 1330 1068 inſtruendum,
1367 1012 1522 1063 Matth.
1549 1023 1579 1072 I,

267 1072 328 1102 20.
350 1056 396 1107 II,
417 1071 464 1110 13.
485 1072 538 1109 19.
578 1065 598 1100 &
622 1062 892 1109 conſolatorem
916 1065 962 1096 in
978 1066 1104 1106 rebus
1122 1069 1319 1105 anguſtis.

310 1140 343 1180 a)
365 1136 433 1172 Vid.
452 1140 467 1172 §.
491 1141 566 1176 XIII.
584 1137 618 1180 &
637 1144 686 1179 VI.
705 1153 748 1190 Jo.
769 1151 887 1176 SELDEN
904 1142 942 1177 de
961 1141 985 1178 I.
1002 1142 1042 1176 N.
1064 1139 1101 1177 &
1119 1140 1208 1176 Gent.
1235 1138 1307 1173 Ebr.
1330 1137 1399 1172 libri
1417 1139 1482 1174 VII.
1500 1157 1555 1188 c.7.

807 1231 842 1299 §.
873 1227 1050 1295 LXVII.

377 1317 472 1352 JESV
492 1323 593 1355 vero
613 1309 874 1358 connubium
896 1313 1042 1355 matris
1062 1307 1153 1353 ſuae
1176 1320 1273 1352 cum
1299 1305 1483 1365 Joſepho
1504 1318 1580 1366 ex-

268 1357 448 1415 pediuit,
476 1371 688 1417 PARTIM
705 1372 750 1403 vt
766 1374 812 1415 eo
827 1365 1061 1417 commodius
1083 1374 1202 1409 atque
1226 1365 1414 1420 honeſtius
1437 1369 1578 1419 educa-

269 1435 401 1476 retur,
418 1428 642 1475 accedente
659 1425 825 1487 Joſephi
846 1439 936 1470 aere
957 1435 1079 1482 atque
1097 1437 1205 1467 cura.
1256 1423 1385 1466 Sicuti
1403 1434 1579 1478 genera-

270 1484 350 1526 tim
366 1485 744 1528 matrimoniorum
763 1482 854 1534 finis
864 1482 968 1529 alter
979 1484 1036 1531 eſt
1052 1481 1245 1532 educatio
1265 1482 1432 1527 ſobolis,
1443 1486 1502 1536 ita
1518 1492 1582 1531 et-

269 1541 355 1584 iam
371 1544 415 1584 in
434 1537 518 1584 hoc
533 1541 701 1600 Joſephi
718 1552 765 1583 ac
784 1555 943 1595 Mariae
963 1544 1245 1595 matrimonio
1265 1553 1496 1590 procurato
1514 1553 1581 1591 ra-

272 1599 435 1643 tionem
457 1596 604 1645 habuit
648 1623 775 1651 DEVS
816 1602 1054 1656 educationis
1081 1601 1175 1651 Jeſu
1202 1603 1407 1656 melioris.
1439 1602 1475 1669 §.
1495 1602 1580 1659 III.

273 1649 557 1695 Commodius
591 1664 709 1711 enim
738 1662 944 1718 educatur
962 1660 1147 1721 ſoboles,
1180 1662 1210 1709 ſi
1233 1660 1318 1711 duo
1337 1660 1388 1703 ad
1406 1659 1492 1709 hoc
1502 1671 1584 1713 ne-

273 1709 439 1757 gotium
457 1718 738 1775 concurrunt,
766 1731 1070 1771 ſtrenuumque
1095 1720 1396 1768 adiumentum
1433 1724 1588 1767 mutu-

275 1773 353 1804 um
368 1765 414 1805 in
438 1776 489 1806 eo
505 1766 578 1810 ſibi
609 1778 842 1824 praeſtant;
868 1787 997 1817 quam
1020 1776 1050 1827 ſi
1069 1775 1123 1826 ad
1143 1778 1318 1828 vnicam
1334 1782 1523 1824 matrem
1540 1782 1584 1827 e-

277 1807 457 1852 ducandi
471 1823 686 1893 prouincia
693 1836 894 1893 defertur.
932 1835 1092 1892 Teſtor
1105 1833 1267 1894 viduas,
1283 1846 1374 1884 non
1383 1843 1590 1886 maximis

278 1861 458 1908 fortunis
478 1886 527 1925 ac
543 1889 771 1958 praeſidiis,
797 1896 848 1947 ad
866 1896 1109 1948 educandos
1144 1894 1301 1940 liberos
1331 1889 1588 1952 neceſſariis,

275 1921 510 1976 inſtruƈtas,
528 1946 631 2003 quae
669 1961 711 2001 te
740 1958 922 2010 edocere
946 1962 1173 2008 poterunt,
1201 1957 1309 2007 quot
1342 1948 1590 2009 moleſtiae,

276 1982 416 2027 donec
448 1986 635 2050 educatio
670 2011 930 2070 abſoluatur,
967 2022 1228 2060 deuorandae
1260 2007 1361 2062 ſint,
1379 2018 1420 2056 &
1452 2015 1591 2059 quam

276 2052 401 2098 aegre
425 2042 678 2115 difficultates
693 2081 956 2121 ſuperentur.
1012 2068 1143 2121 Multi
1159 2065 1304 2117 acerbi
1321 2066 1437 2127 caſus
1455 2083 1482 2124 a
1500 2068 1598 2126 Jeſu

275 2100 455 2163 puerulo
482 2107 615 2165 amoti
633 2119 749 2188 ſunt,
771 2141 797 2183 a
817 2132 977 2183 malitia
1017 2128 1251 2186 hominum
1276 2127 1524 2192 metuendi,
1565 2130 1599 2187 ſi

274 2174 394 2226 patre
421 2164 669 2226 (putatitio)
696 2189 897 2246 caruiſſet.
962 2198 1222 2242 PARTIM
1252 2195 1298 2236 vt
1321 2187 1453 2245 eodem
1498 2198 1605 2251 loco,

271 2241 347 2273 quo
360 2227 488 2286 proles
505 2222 698 2284 legitima,
718 2243 948 2316 haberetur,
979 2259 1105 2305 atque
1123 2247 1231 2299 adeo
1253 2248 1297 2298 &
1308 2252 1472 2311 gratior
1497 2252 1601 2305 eſſet

270 2266 462 2345 Judaeis
480 2290 520 2340 e
534 2305 702 2345 gremio
730 2309 920 2366 ipſorum
947 2305 1238 2356 honeſtisſime
1265 2312 1541 2369 procedens,
1562 2311 1607 2361 &

268 2343 491 2418 priuilegiis
496 2345 568 2411 ſeu
584 2345 759 2415 iuribus,
776 2363 912 2429 (conf.
921 2372 959 2435 §.
966 2368 1148 2433 XXIII.)
1159 2371 1260 2435 cum
1277 2372 1483 2442 reliquis,
1513 2372 1607 2428 qui-

965 2443 1043 2488 M

1523 2439 1616 2481 bus
