2454 2996
1060 627 1141 657 tem
1158 616 1315 658 teſtandi
1334 616 1547 659 latiſſimam
1567 617 1608 657 in
1618 620 1695 659 XII.
1707 619 1869 661 Tabulis
1886 616 2071 662 patrifam.
2083 619 2209 661 datam

1059 676 1293 705 invenerunt
1313 665 1571 706 Iurisconſulti
1583 664 1746 709 modum
1756 657 1913 709 teſtandi
1928 677 2033 708 extra
2040 665 2210 717 comitia,

1060 732 1131 774 per
1140 722 1300 774 familiæ
1316 723 1659 774 emancipationem,
1687 724 1728 774 a)
1755 734 1935 776 tanquam
1955 736 2023 778 per
2040 736 2207 766 conven-

1058 773 1211 809 tionem
1230 776 1268 810 &
1284 774 1544 818 traditionem,
1556 780 1645 810 cum
1661 770 1834 811 alienatio
1843 771 2041 813 bonorum
2055 783 2135 813 non
2146 770 2212 814 niſi

1062 839 1082 864 a
1097 831 1192 865 vivis
1208 829 1291 866 fieri
1307 824 1412 878 poſſe
1431 825 1632 867 videretur.
1650 826 1699 878 b)
1726 828 1843 875 Hinc,
1862 838 1905 866 ut
1920 827 2097 867 moribus
2115 827 2212 869 anti-

1057 883 1144 928 quis
1160 889 1220 917 res
1245 879 1375 918 omnis
1401 887 1663 931 perageretur,
1682 878 1859 922 adhibitæ
1882 880 2214 932 mancipationum

1055 935 1314 988 ſolennitates,
1330 931 1515 984 libripens,
1532 933 1570 973 &
1585 931 1736 975 familiæ
1753 930 1928 984 emptor,
1950 928 1971 981 &
1987 946 2070 975 non
2080 934 2208 975 minus

1060 995 1178 1020 quam
1194 988 1365 1031 quinque
1381 981 1502 1030 teſtes,
1519 993 1611 1020 cum
1632 982 1771 1032 quibus
1787 982 1997 1026 teſtamenti
2025 982 2141 1027 factio
2159 984 2212 1027 eſ-

1058 1032 1123 1081 ſet.
1134 1044 1183 1085 c)
1232 1041 1281 1079 Et
1306 1039 1419 1079 initio
1445 1037 1602 1089 quidem
1624 1038 1701 1091 ipſe
1727 1038 1837 1080 heres
1852 1037 2004 1082 futurus
2028 1038 2212 1083 familiam

1057 1088 1221 1141 emebat,
1246 1086 1334 1139 quod
1352 1100 1435 1129 non
1457 1088 1582 1132 ſolum
1595 1100 1941 1133 THEOPHILVS
1965 1092 2025 1133 bis
2041 1092 2096 1140 d)
2124 1103 2208 1134 uno

1055 1140 1150 1186 Ioco
1169 1140 1302 1185 diſerte
1319 1139 1515 1198 perhibet,
1531 1141 1568 1184 &
1585 1141 1794 1188 intelligere
1814 1141 1902 1186 licet
1920 1159 1967 1188 ex
1993 1146 2103 1187 dictis
2128 1156 2209 1188 IM-

1054 1204 1371 1243 PERATORIS,
1390 1196 1432 1249 in
1432 1196 1473 1249 §.
1491 1200 1535 1240 X.
1546 1196 1627 1250 Inſt.
1646 1202 1689 1241 de
1704 1191 1925 1251 Teſtament.
1943 1200 2146 1242 Ordinand.
2165 1199 2209 1252 e)

1054 1250 1118 1288 ſed
1137 1251 1263 1296 etiam,
1281 1245 1438 1289 ſpectata
1454 1248 1517 1288 illa
1534 1248 1695 1296 ratione,
1705 1259 1819 1297 quam
1835 1248 2110 1291 Iurisconſultis
2122 1261 2210 1290 mo-

1055 1300 1152 1337 dum
1167 1294 1330 1339 faciendi
1355 1299 1540 1339 heredem
1555 1309 1625 1349 per
1648 1299 1974 1350 mancipationem
1999 1300 2210 1352 ſuggeſſiſſe

1056 1350 1238 1401 diximus,
1244 1349 1397 1401 prorſus
1408 1351 1680 1401 confirmatur,
1684 1350 1718 1399 ut
1728 1351 1906 1396 iniuriam
1914 1351 2052 1397 faciant
2069 1363 2211 1396 THEO-

2080 1419 2211 1451 PHILO

1102 1523 1144 1568 a)
1158 1533 1287 1559 GELLIVS
1304 1523 1395 1561 Noct.
1403 1528 1469 1562 Att.
1489 1526 1548 1564 Lib.
1566 1520 1616 1567 XV.
1630 1537 1653 1560 c.
1663 1538 1710 1567 27.
1734 1526 1913 1563 Occaſione
1928 1527 2021 1570 Legis
2035 1527 2210 1564 Decemvi-

1150 1570 1229 1604 ralis
1242 1572 1275 1605 in
1291 1571 1394 1606 tabula
1411 1572 1454 1606 VI.
1470 1572 1607 1615 ſcriptæ:
1640 1568 1724 1618 QVVM
1745 1568 1853 1613 NEXVM
1874 1581 1993 1608 FACIET
2008 1582 2207 1609 MANCIPIVM-

1158 1615 1237 1651 QVE,
1252 1616 1313 1641 VTI
1332 1617 1460 1642 LINGVA
1478 1616 1720 1650 NVNCVPASSIT,
1739 1619 1803 1643 ITA
1821 1619 1875 1643 IVS
1894 1619 1988 1645 ESTO.
2032 1608 2100 1643 Lex
2115 1612 2205 1646 enim

1157 1653 1403 1697 mancipationis
1416 1653 1575 1688 vocabulo
1589 1665 1727 1689 omnem
1742 1655 1965 1690 alienationem
1980 1665 2090 1689 rerum
2112 1667 2207 1693 man-

1159 1703 1225 1745 cipi
1238 1701 1415 1744 ſignificare
1429 1704 1613 1741 videbatur,
1627 1703 1651 1737 I.
1667 1699 1703 1743 48.
1721 1707 1762 1739 D.
1778 1707 1817 1741 de
1831 1706 1915 1741 pact.
1931 1708 1950 1741 I.
1960 1716 2005 1745 29.
2021 1707 2058 1744 §.
2072 1718 2092 1739 I.
2107 1708 2147 1743 D.
2163 1708 2204 1743 de

1152 1739 1297 1788 ſtatulib.
1328 1743 1345 1776 &
1369 1750 1483 1775 CICERO
1499 1751 1629 1787 quoque
1643 1741 1697 1778 lib.
1706 1745 1733 1779 I.
1749 1745 1788 1781 de
1809 1737 1899 1781 Orat.
1910 1753 1988 1787 c.57.
1997 1742 2110 1780 verba:
2132 1756 2205 1782 VTI

1157 1789 1287 1809 LINGVA
1301 1789 1533 1817 NVNCVPASSIT,
1542 1784 1581 1810 ad
1594 1781 1861 1812 teſtamentariam
1876 1776 2000 1813 cauſam
2014 1787 2134 1824 retulit.
2129 1791 2206 1825 Imo

1155 1836 1219 1872 ipſa
1228 1836 1403 1873 teſtamenti
1417 1847 1476 1882 per
1483 1848 1523 1873 æs
1540 1839 1574 1873 &
1588 1836 1702 1874 libram
1715 1840 1837 1874 conditi
1852 1839 1961 1875 forma
1976 1839 2044 1873 hoc
2056 1841 2202 1877 oſtendit:

1154 1874 1257 1924 Nam,
1270 1890 1307 1918 ut
1320 1883 1425 1925 inquit
1443 1884 1651 1921 VLPIANVS
1672 1878 1743 1929 Tit.
1763 1878 1813 1931 XX.
1828 1885 1862 1929 §.
1872 1896 1903 1930 9.
1912 1886 1946 1921 in
1960 1895 2000 1920 eo
2015 1883 2083 1920 duæ
2097 1897 2152 1922 rer
2166 1898 2204 1922 a-

1147 1934 1305 1974 guntur,
1315 1928 1454 1972 familiæ
1467 1931 1665 1974 mancipatio
1689 1928 1709 1967 &
1732 1931 1922 1976 nuncupatio
1936 1928 2143 1978 teſtamenti:
2162 1933 2204 1970 Et

1152 1968 1218 2013 ipſa
1234 1971 1479 2015 nuncupationis
1492 1970 1659 2005 formula:
1687 1981 1799 2006 HAEC
1820 1983 1895 2006 VTI
1918 1984 1961 2007 IN
1983 1983 2049 2007 HIS
2071 1982 2201 2010 TABV-

1152 2022 1217 2047 LIS
1237 2022 1414 2048 CERISVE
1436 2022 1617 2049 SCRIPTA
1636 2023 1767 2053 SVNT,
1786 2025 1864 2048 ITA
1883 2011 1947 2056 DO,
1967 2025 2046 2049 ITA
2067 2025 2200 2056 LEGO,

1150 2076 1229 2102 ITA
1251 2075 1443 2104 TESTOR:
1464 2074 1630 2115 ITAQE
1654 2075 1741 2109 VOS,
1759 2076 1977 2118 QVIRITES,
1992 2077 2198 2107 TESTIMO-

1151 2121 1260 2147 NIVM
1281 2120 1568 2150 PRAEBITOTE.

1091 2167 1130 2215 b)
1149 2167 1226 2203 Vid.
1244 2175 1434 2204 THOMAS.
1457 2164 1539 2216 Diſſ.
1545 2165 1584 2203 de
1591 2166 1716 2213 primis
1729 2169 1840 2207 initiis
1845 2164 1974 2217 ſucceſſ.
1983 2167 2103 2216 teſtam.
2114 2169 2201 2217 §.33.

1091 2216 1126 2262 c)
1147 2228 1356 2255 VLPIANVS
1378 2220 1563 2258 Fragment.
1586 2220 1653 2255 Tit.
1668 2222 1731 2260 XX.
1768 2222 1785 2265 §.
1800 2232 1828 2257 2.
1857 2229 2200 2269 QVINCTILIANVS

1147 2263 1288 2313 Declam.
1313 2257 1473 2316 CCCVIII.
1495 2277 1682 2309 ISIDORVS
1708 2266 1800 2325 Orig.
1819 2262 1875 2321 IV.
1885 2270 1935 2323 24.
1945 2278 2137 2310 CLEMENS
2156 2283 2198 2310 A-

1147 2327 1231 2351 LEX.
1250 2319 1369 2355 Strom.
1380 2320 1416 2356 V.

1093 2363 1132 2406 d)
1152 2364 1312 2411 Paraphr.
1325 2367 1392 2402 Tit.
1402 2365 1442 2402 de
1452 2365 1587 2413 Teſtam.
1595 2364 1700 2402 ordin.
1708 2367 1743 2410 §.
1752 2376 1772 2400 1.

1087 2412 1125 2457 e)
1143 2412 1281 2456 Verbis,
1302 2414 1447 2455 Heredi,
1462 2418 1521 2461 qui
1533 2415 1710 2465 imaginem
1724 2413 1919 2461 vetuſtiſſimi
1922 2413 2066 2462 familiæ
2078 2427 2195 2466 empto-

1145 2460 1199 2496 ris
1213 2459 1342 2502 obtinet,
1350 2464 1471 2497 collatis
1482 2470 1561 2499 cum
1574 2462 1664 2498 initio
1678 2463 1772 2500 huius
1785 2461 1987 2509 pagraphi.
