2519 2786
377 556 432 592 De
432 556 534 591 Notis
542 553 681 591 Eccleſiæ
687 554 797 601 gravis
797 554 881 600 inter
898 565 947 587 nos
957 554 990 586 &
999 553 1182 589 Pontificios
1191 552 1233 588 eſt
1243 553 1467 598 controverſia.
1461 559 1542 605 Nos

275 609 366 638 notas
376 603 515 640 Eccleſiæ
525 600 598 637 duas
608 601 831 641 conſtituimus,
844 612 954 646 puram
964 598 1047 634 verbi
1056 599 1308 648 prædicationem
1318 601 1351 635 &
1360 603 1537 645 legitimam

273 647 551 691 Sacramentorum
560 647 875 684 adminiſtrationem.
903 646 1058 683 Pontificii
1067 649 1143 687 verò
1150 649 1205 683 has
1213 657 1331 693 negant
1342 651 1368 694 &
1381 655 1453 689 alias
1463 655 1534 699 ſub-

276 695 419 736 ſtituunt,
429 702 580 742 quamvis
580 703 618 741 in
627 707 757 738 numero
765 710 831 733 non
841 701 1038 734 conveniant.
1090 702 1234 735 Thomas
1239 710 1367 738 Bzovius
1386 709 1534 747 centum,

276 760 368 787 notas
380 749 520 804 aſſignat,
534 749 686 798 Stanislaus
693 753 883 787 Socolovius
883 753 918 786 in
927 753 1007 787 libro
1017 750 1056 787 de
1064 754 1160 787 Notis
1171 752 1308 787 Eccleſiæ
1320 751 1452 787 recenſet
1461 755 1534 788 XX.

276 798 410 840 Jacobus
419 800 615 845 Rayhingius
624 801 656 845 in
663 794 761 843 Muris
773 800 897 832 civitatis
906 801 1025 833 Sanctæ
1033 801 1103 833 XII.
1117 806 1250 840 totidem
1260 808 1414 843 Piſtorius,
1423 812 1536 840 quam-

277 851 322 883 vis
333 851 404 884 alias
414 848 432 883 à
441 850 607 896 prioribus,
624 848 763 883 Michaël
773 846 812 881 de
820 848 949 882 Medina
959 849 1014 885 lib.
1021 851 1060 882 II.
1070 845 1109 882 de
1118 856 1199 887 recta
1204 855 1266 890 fide
1278 852 1317 884 X.
1329 860 1383 891 lib.
1399 861 1468 893 VII.
1479 859 1536 891 ad-

277 896 323 933 dit
327 892 472 937 XImam.
516 894 681 932 Sanderus
686 889 744 938 lib.
752 895 835 927 VIII.
850 896 889 932 de
897 897 971 932 viſib
992 899 1163 934 Monarch.
1181 906 1206 937 c.
1213 916 1263 947 50.
1278 910 1331 938 VI.
1349 907 1535 948 Salmeron.

276 951 372 985 Tom.
382 953 435 984 VI.
447 951 546 989 Tract,
551 961 593 993 23.
605 940 649 990 V.
691 940 807 983 Hoſius
813 939 847 988 in
856 947 972 993 Explic.
981 945 1128 992 Symbol.
1137 950 1172 982 &
1179 948 1324 988 Coſterus
1335 951 1367 988 in
1376 959 1535 992 Enchirid.

279 1009 342 1030 c.2.
351 1000 402 1030 IV.
409 999 446 1028 in
457 995 614 1042 Symbolo
623 991 784 1040 expreſſas.
798 993 1012 1040 Stapletonus,
1024 994 1098 1036 Joh.
1107 992 1241 1035 Driedo,
1259 999 1362 1041 Sixtus
1377 1013 1535 1045 Senenſis,

276 1048 409 1084 Balthaſ.
420 1049 565 1094 Hagerus
573 1045 626 1077 III.
650 1047 829 1082 Catecheſis
838 1045 1019 1082 Tridentina
1028 1048 1066 1080 II.
1074 1047 1130 1090 (1.)
1140 1046 1312 1086 Catholicæ
1327 1048 1387 1088 (2.)
1396 1050 1538 1090 Apoſto-

276 1099 341 1132 licæ
349 1096 485 1131 Eccleſiæ
495 1108 624 1130 nomen.
651 1093 809 1130 Lindanus
824 1093 877 1129 lib:
888 1108 920 1141 4.
937 1093 1092 1142 Panopliæ
1102 1105 1126 1126 c.
1141 1104 1188 1139 83.
1240 1095 1379 1142 Caniſius
1395 1110 1427 1137 in
1443 1108 1538 1137 Cate-

278 1147 359 1181 cheſi
368 1148 474 1182 unam,
483 1147 709 1182 R. Pontificem
720 1147 752 1181 &
760 1142 952 1180 Cathedram
960 1146 1000 1179 R.
1052 1145 1163 1186 Quem
1171 1146 1297 1179 ſuorum
1305 1143 1469 1180 diſſenſum
1478 1155 1538 1190 ag-

277 1195 376 1232 noſcit
384 1195 526 1232 Bellarm.
538 1194 588 1232 lib.
599 1208 631 1243 4.
642 1193 681 1231 de
689 1193 801 1231 Eccleſ.
810 1205 833 1226 c.
845 1206 870 1239 3.
898 1193 963 1241 Ipſe
973 1193 1048 1230 verò
1058 1196 1119 1230 XV
1133 1196 1225 1243 ponit
1240 1202 1344 1235 notas,
1362 1195 1537 1239 agnoſcit,

279 1254 385 1282 tamen
396 1249 450 1282 has
460 1255 550 1282 notas
559 1245 644 1294 poſſe
651 1244 692 1282 ad
700 1260 732 1296 4.
739 1248 773 1282 in
780 1246 938 1292 Symbolo
947 1243 1095 1293 expreſſas
1103 1249 1250 1283 revocari.
1279 1247 1313 1296 Ut
1312 1247 1440 1284 ſtatum
1448 1247 1539 1280 Con-

280 1299 433 1335 troverſiæ
441 1296 583 1345 legitime
592 1309 760 1346 ponamus,
779 1294 938 1332 ſciendum
947 1296 1000 1339 eſt,
1013 1307 1080 1345 qua
1089 1297 1120 1330 &
1129 1296 1225 1345 qualis
1243 1296 1277 1331 ſit
1291 1304 1378 1339 nota,
1396 1296 1435 1329 de
1451 1308 1539 1341 qua,

277 1345 333 1381 hîc
343 1350 494 1395 quæritur.
541 1340 636 1383 Nota
645 1346 689 1382 eſt
696 1346 832 1395 ſignum,
851 1356 888 1378 ex
897 1356 962 1391 quo
972 1356 1019 1383 res
1028 1347 1196 1392 ſingulares
1205 1347 1223 1390 à
1234 1348 1364 1390 ſenſibus
1382 1349 1476 1391 paulò
1493 1360 1541 1377 re-

277 1397 439 1444 motiores
439 1397 688 1444 inveſtigantur.
739 1399 836 1433 Notæ
859 1405 962 1432 autem
972 1396 1046 1431 tales
1062 1407 1111 1431 non
1130 1398 1198 1445 ſunt
1214 1400 1293 1429 unius
1309 1401 1443 1442 generis,
1465 1399 1539 1439 ſicut

277 1442 373 1480 docet
394 1438 531 1482 Ariſtot.
555 1449 593 1480 II.
610 1449 707 1481 Prior.
719 1456 770 1489 27.
801 1445 835 1483 &
854 1451 885 1482 I.
914 1451 1019 1484 Rhet.
1038 1450 1088 1491 1.
1134 1446 1291 1485 Quædam
1319 1448 1538 1490 neceſſariam-

276 1508 353 1532 cum
362 1497 463 1537 rebus,
477 1502 555 1542 quas
555 1495 698 1542 ſignant,
727 1498 834 1531 habent
844 1495 1085 1543 connexionem,
1102 1498 1155 1536 ita,
1170 1505 1204 1528 ut
1212 1496 1357 1539 præſente
1372 1495 1464 1540 ſignô
1481 1498 1543 1528 eti-

277 1556 332 1582 am
342 1557 389 1578 res
400 1546 447 1578 vel
455 1544 545 1585 adſit,
563 1546 608 1587 vel
609 1543 764 1583 adfuerit,
771 1544 819 1576 vel
832 1543 977 1578 adfutura
991 1545 1040 1583 ſit,
1065 1544 1163 1584 qualis
1173 1550 1252 1574 nota
1263 1545 1350 1585 ignis
1366 1546 1411 1576 eſt
1422 1542 1538 1574 fumus.

277 1588 315 1633 Et
315 1587 396 1632 talia
396 1586 494 1632 ſigna
494 1580 697 1632 Philoſopho
697 1580 853 1630 vocantur
853 1583 1038 1631 τεϰμήϱια.
1069 1586 1127 1617 His
1157 1593 1343 1632 opponuntur
1359 1588 1453 1631 ſigna,
1472 1596 1542 1627 quæ

278 1636 364 1671 ſicuti
373 1648 443 1670 cum
451 1632 504 1680 ſuis
520 1630 642 1683 ſignatis
648 1629 848 1678 neceſſarium
859 1636 892 1668 &
903 1634 1097 1669 infallibilem
1112 1644 1232 1672 nexum
1244 1645 1310 1676 non
1326 1634 1455 1680 habent,
1470 1637 1541 1676 ita,

275 1690 315 1723 &
325 1687 449 1724 dubiam
455 1688 580 1734 pariunt
588 1688 747 1730 notitiam,
758 1683 854 1732 qualis
862 1693 939 1720 nota
947 1685 990 1721 eſt
999 1683 1110 1732 pallor,
1126 1696 1163 1718 ex
1169 1695 1236 1731 quo
1247 1682 1353 1731 colligi
1372 1684 1475 1731 poteſt
1492 1683 1541 1719 di-

278 1736 409 1785 ligentia
416 1740 448 1772 in
458 1733 573 1779 ſtudiis,
594 1736 638 1771 aſt
645 1745 712 1771 non
718 1732 900 1771 neceſſariò.
949 1733 1013 1772 Hic
1023 1738 1164 1782 quæritur
1173 1744 1240 1767 non
1248 1733 1287 1769 de
1297 1734 1357 1776 his,
1373 1732 1423 1768 ſed
1433 1732 1471 1768 de
1479 1735 1540 1769 illis

280 1790 376 1822 notis.
426 1787 484 1824 Aſt
484 1787 553 1826 nec
556 1779 732 1835 τεϰμήϱια
743 1783 811 1819 ſunt
822 1781 958 1829 ejusdem
966 1785 1083 1819 cenſus.
1124 1781 1280 1827 Quædam
1291 1786 1374 1818 enim
1381 1796 1410 1819 ex
1425 1784 1486 1817 illis
1497 1793 1544 1818 ta-

280 1839 322 1872 lia
337 1839 417 1880 ſunt,
434 1846 469 1872 ut
475 1835 655 1871 affirmative
663 1849 700 1869 ex
705 1838 769 1871 illis
776 1837 867 1871 liceat
876 1835 1036 1880 colligere,
1044 1838 1191 1878 negative
1199 1844 1265 1866 non
1275 1836 1364 1874 item,
1375 1845 1409 1866 ut
1417 1845 1453 1866 ex
1462 1835 1544 1867 lacte

282 1895 387 1930 partus
399 1884 567 1933 colligitur,
584 1882 635 1919 ſed
645 1898 681 1919 ex
690 1882 812 1922 defectu
820 1885 906 1918 lactis
926 1895 980 1919 non
990 1882 1120 1919 infertur
1133 1881 1263 1918 defectus
1280 1894 1395 1928 partus.
1447 1883 1498 1916 Ab
1511 1896 1545 1916 a-

283 1938 331 1968 liis
340 1937 484 1980 negative
494 1932 620 1981 quidem
630 1933 700 1966 licet
704 1927 859 1983 progredi
868 1932 907 1966 ad
917 1946 994 1974 rem,
1011 1930 1064 1967 ſed
1074 1945 1140 1966 non
1150 1932 1340 1968 affirmativè.
1391 1936 1425 1965 E.
1437 1934 1478 1963 G.
1495 1946 1543 1965 re-

283 1985 335 2016 ctè
345 1987 476 2027 colligo,
490 1983 553 2022 hic,
564 1992 634 2015 cum
644 1978 760 2015 facinus
778 1981 830 2012 hoc
840 1987 1012 2026 patraretur
1028 1979 1094 2013 hôc
1108 1984 1140 2014 in
1154 1980 1241 2022 locô,
1258 1992 1323 2013 non
1340 1979 1399 2011 fuit
1416 1979 1544 2022 præſens

286 2035 319 2067 in
326 2041 383 2072 illo
393 2035 478 2074 loco,
506 2030 593 2078 Ergò
602 2041 669 2064 non
678 2029 718 2064 eſt
725 2037 817 2064 autor
823 2028 941 2064 ſceleris
978 2029 1066 2064 Malè
1072 2035 1180 2067 autem
1190 2028 1391 2073 colligerem:
1408 2029 1469 2062 Hic
1479 2036 1546 2062 tum

282 2084 438 2127 temporis
448 2087 508 2121 fuit
513 2083 543 2130 in
553 2083 610 2120 illo
625 2080 711 2121 loco,
730 2080 818 2125 Ergo
826 2090 894 2113 reus
906 2080 948 2113 eſt
956 2074 1126 2115 facinoris.
1164 2082 1279 2125 Deniq;
1299 2077 1315 2110 à
1333 2074 1543 2121 quibusdam,

282 2132 383 2174 ſignis
391 2133 425 2170 &
435 2131 619 2175 affirmativè
626 2130 659 2163 &
666 2126 811 2172 negative
820 2123 1027 2169 concluditur,
1043 2126 1082 2160 ab
1091 2130 1128 2162 iis
1139 2127 1197 2160 ſcil.
1201 2133 1337 2173 quorum
1345 2127 1468 2159 termini
1478 2125 1546 2161 ſunt

286 2183 531 2225 convertibiles.
564 2185 599 2220 E.
610 2184 650 2219 G.
663 2181 746 2226 rectè
759 2180 893 2227 colligo.
943 2183 1018 2218 Dies
1033 2181 1086 2217 eſt.
1137 2182 1223 2227 Ergo
1237 2180 1284 2217 ſol
1298 2178 1340 2214 eſt
1356 2179 1443 2228 ſupra
1450 2177 1547 2214 hori-
