2443 2969
936 1022 1021 1056 AN

374 1092 871 1153 DEFECTVS
915 1063 1588 1156 VIRGINITATIS

408 1194 1031 1240 DECLARATIONI
1074 1191 1556 1241 NVLLITATIS

535 1271 867 1304 MATRIMONII
886 1269 1184 1306 CONCEDAT
1213 1268 1428 1307 LOCVM?

536 1555 819 1596 Contraƈtuum
856 1554 994 1596 viribus
1027 1553 1121 1596 vim,
1152 1562 1291 1593 metum,
1342 1566 1521 1599 errorem,
1559 1566 1593 1590 et

611 1610 739 1650 dolum
763 1610 925 1652 maxime
942 1612 1009 1651 eſſe
1033 1611 1169 1651 infenſa
1191 1620 1300 1659 atque
1320 1613 1497 1648 contraria
1521 1623 1591 1647 nos

613 1680 691 1708 non
714 1668 829 1721 fugit,
867 1669 1002 1720 quibus
1027 1669 1177 1721 quidem
1202 1669 1396 1719 praemiſſis
1419 1669 1524 1710 facile
1546 1668 1592 1709 ad

610 1721 900 1774 intelligendum,
928 1721 1153 1760 matrimonii
1169 1722 1247 1759 initi
1264 1723 1512 1759 auƈtoritatem
1529 1724 1591 1757 he-

613 1778 766 1823 beſcere,
791 1775 842 1823 vi,
856 1786 971 1825 metu,
992 1776 1095 1824 dolo,
1109 1776 1169 1814 ſeu
1187 1788 1310 1813 errore
1332 1779 1588 1824 ſuperuenien-

382 1844 429 1881 te,
459 1828 637 1883 ſiquidem
656 1828 953 1878 matrimonium,
973 1830 1053 1868 licet
1069 1832 1188 1866 multis
1207 1831 1244 1865 in
1260 1833 1468 1865 ſententiam
1485 1846 1590 1864 men-

383 1906 418 1933 te
441 1894 561 1932 noſtra
586 1890 822 1931 abalienatam
845 1889 1138 1944 diſcedentibus,
1145 1888 1367 1937 contraƈtus,
1385 1902 1420 1923 et
1437 1891 1588 1938 quidem

383 1949 619 1992 conſenſualis
635 1958 799 1987 naturam
823 1958 933 1999 atque
948 1945 1109 1986 indolem
1131 1945 1275 1993 induat,
1307 1957 1419 1994 quam
1438 1948 1590 1995 quidem

383 2005 544 2046 noſtram
566 2001 773 2043 ſententiam
792 2001 1065 2041 corroboratam
1082 2011 1192 2050 atque
1208 2004 1473 2037 communitam
1491 2017 1590 2037 com-

384 2066 644 2117 prehendimus
661 2069 693 2105 in
702 2068 744 2106 L.
762 2067 818 2109 fin.
833 2068 869 2105 C.
888 2064 925 2105 de
946 2063 1062 2113 repud.
1080 2076 1177 2104 NOV.
1194 2066 1313 2105 XXII.
1329 2080 1354 2104 c.
1366 2066 1470 2103 XIX.
1491 2074 1589 2102 NOV.

388 2127 561 2170 LXXIV.
576 2140 602 2168 c.
620 2125 685 2162 IV.
700 2122 762 2165 vbi
777 2119 874 2171 illud,
904 2117 1112 2169 nuptiarum
1135 2117 1338 2160 contraƈtus
1356 2119 1454 2158 venit
1474 2119 1597 2156 nomi-
