2559 2917
768 610 936 664 (55)

226 699 411 751 ieſtatica,
463 707 620 748 quorum
655 698 873 747 exercitium
922 700 966 744 in
1017 695 1219 740 Germania
1262 706 1489 767 Imperatori

224 757 421 807 priuatiue
449 761 668 809 competit.
703 756 994 807 Exemplorum
1024 755 1111 792 Ioco
1143 756 1306 791 nomino
1336 763 1397 790 ius
1424 768 1484 789 in-

224 822 416 863 ueſtiendi
443 821 574 863 feudis
603 817 788 871 imperii,
822 815 1062 858 concedendi
1094 813 1303 866 priuilegia
1334 815 1376 850 in
1393 820 1482 852 vni-

223 876 338 919 uerſo
374 876 549 930 imperio
588 874 779 926 valitura,
811 871 930 913 dandi
962 871 1199 912 immediatis
1238 872 1510 909 minorenni-

224 934 299 978 bus
328 937 483 978 veniam
515 934 670 986 aetatis,
702 932 744 972 &
767 932 936 985 denique
971 931 1130 970 creandi
1159 932 1333 980 nobiles,
1364 933 1484 967 comi-

225 1006 284 1043 tes
317 1004 356 1044 &
387 999 593 1054 principes
622 997 798 1051 imperii.
857 997 963 1040 Caue
980 1008 1079 1038 vero
1109 1004 1308 1046 autumes,
1340 994 1401 1033 his
1424 994 1484 1030 iu-

227 1061 339 1101 ribus
371 1057 522 1100 abſolui
561 1056 792 1111 poteſtatem
829 1053 1103 1107 Imperatoris.
1189 1054 1347 1093 Dantur
1379 1055 1486 1090 enim

225 1117 451 1156 etiamnunc
490 1112 584 1163 alia,
629 1114 680 1150 ad
719 1121 893 1159 quorum
949 1115 1187 1148 exercitium
1243 1120 1488 1145 concurrunt

227 1160 425 1207 Electores
455 1172 680 1214 caeterique
699 1166 836 1202 ſtatus.
923 1167 1076 1199 Refero
1115 1171 1195 1195 huc
1229 1172 1293 1194 ius
1323 1174 1490 1204 vectiga-

227 1223 355 1274 Iium,
390 1227 567 1263 collectas
606 1224 848 1261 vniuerſales
877 1224 920 1257 in
951 1223 1124 1267 imperio
1163 1225 1386 1267 indicendi,
1435 1236 1490 1255 le-

221 1293 291 1334 ges
316 1286 499 1333 ferendi,
523 1285 836 1324 iurisdictionem
866 1282 1054 1321 ſummam
1084 1281 1310 1328 exercendi,
1334 1291 1430 1317 caet.

337 1346 417 1385 Sed
457 1344 625 1393 exiguus
665 1348 774 1381 certe
806 1342 883 1381 tibi
925 1340 1069 1379 horum
1108 1343 1258 1376 iurium
1298 1353 1490 1375 numerus

222 1382 451 1444 videbitur,
490 1396 520 1430 ſi
549 1396 766 1430 conſideres
805 1408 873 1438 ea,
906 1400 1053 1436 quibus
1089 1399 1205 1425 ſtatus
1236 1401 1409 1434 quilibet
1444 1403 1490 1423 in

224 1458 297 1500 ſuo
329 1459 473 1512 gaudet
500 1459 708 1500 territorio
740 1460 783 1497 vi
795 1459 1098 1507 ſuperioritatis,
1130 1470 1177 1494 vt
1206 1471 1394 1503 vocatur,
1418 1470 1492 1490 ter-

225 1522 428 1572 ritorialis,
467 1530 584 1572 quam
615 1522 859 1571 appellamus
890 1523 1101 1566 poteſtatem
1127 1525 1342 1563 ſtatuum,
1355 1526 1493 1562 ſupre-

225 1587 304 1620 mae
332 1579 502 1632 Caeſaris
540 1581 762 1627 imperiique
797 1584 1015 1615 auctoritati
1044 1584 1349 1623 ſubordinatam,
1388 1597 1491 1610 exer-

226 1635 327 1677 cendi
362 1639 408 1677 in
429 1637 514 1683 ſuis
541 1636 746 1673 ditionibus
773 1641 897 1669 omnia
929 1641 1020 1667 iura
1050 1643 1270 1677 regiminis,
1304 1655 1396 1672 quae
1428 1654 1493 1663 nec

226 1681 322 1740 lege,
364 1703 429 1726 nec
456 1691 713 1723 conuentione
732 1691 894 1720 exerceri
920 1693 1182 1727 prohibentur.
1273 1697 1396 1724 Origo
1427 1701 1489 1714 rei

227 1736 272 1767 ab
292 1750 563 1785 antiquiſſimis
594 1746 844 1780 temporibus
871 1747 1107 1775 repetenda,
1136 1753 1176 1760 at
1203 1758 1275 1759 nos
1305 1750 1321 1756 in
1377 1759 1490 1771 prae-

226 1795 327 1843 ſenti
360 1809 557 1843 limitibus
591 1801 712 1837 nimis
748 1802 915 1847 anguſtis
952 1801 1243 1844 diſtringimur,
1291 1814 1411 1839 quam
1441 1813 1491 1832 vt

226 1857 268 1900 in
304 1867 614 1918 diſquiſitionem
642 1863 741 1900 tanti
767 1861 937 1902 ambitus
968 1859 1071 1895 inire
1103 1860 1311 1908 poſſemus.
1377 1862 1491 1897 Suffi-

226 1918 302 1970 ciat
340 1926 435 1974 hinc
475 1943 508 1978 1.
546 1945 578 1969 F.
624 1927 1010 1971 PFEFFINGERVM
1048 1921 1156 1975 110)
1196 1933 1486 1982 commendare,

229 1989 297 2033 qui
328 1978 476 2028 ſumma
514 1979 603 2024 cum
634 1976 864 2033 diligentia,
895 1985 943 2018 vt
981 1980 1144 2030 quidem
1174 1980 1295 2028 ſolet,
1336 1979 1490 2019 litteras

227 2027 504 2081 inueſtiturae,
535 2038 747 2081 priuilegia
778 2043 820 2066 ac
849 2034 1101 2077 donationes,
1140 2034 1356 2076 diplomata
1392 2041 1490 2065 item

228 2101 297 2142 alia
329 2103 409 2142 huc
443 2098 647 2146 facientia,
689 2094 831 2135 ordine
870 2094 1151 2145 chronologico
1191 2096 1394 2143 congeſſit,
1437 2110 1492 2130 ex

229 2161 375 2204 quibus
405 2150 571 2199 cuilibet
598 2155 834 2195 facillimum
872 2150 1080 2206 perſpectu
1110 2150 1208 2200 erit,
1249 2164 1366 2198 quam
1406 2158 1492 2186 exi-

1400 2228 1491 2278 guis

228 2280 307 2325 110)
328 2282 365 2316 ad
389 2281 626 2316 VITRIARII
654 2279 704 2312 Ius
724 2263 802 2313 Publ.
835 2281 893 2312 Lib.
919 2281 967 2312 III.
998 2281 1056 2311 Tit.
1086 2284 1139 2314 XV.
1170 2287 1232 2328 n.1.
1264 2307 1339 2327 not.
1350 2313 1389 2341 a.
1405 2310 1435 2347 &
1458 2310 1480 2343 b

303 2336 353 2370 ed.
375 2333 472 2370 Goth.
488 2344 521 2373 p.
543 2334 622 2373 1054
637 2342 667 2367 --
689 2337 783 2372 1116.
