2898 3246
471 462 548 537 DE
548 462 782 537 LEGIBVS
782 462 862 537 ET
862 462 1205 537 PRIVILEGIIS
1205 462 1371 537 ACAD.
1371 462 1517 537 NAT.
1517 462 1634 537 CVR.

1763 485 1843 554 195

277 556 359 603 ant,
393 549 564 599 breuibus
587 565 804 602 enarretur:
847 560 1019 610 Addatur
1048 563 1156 608 calcis
1179 565 1269 619 loco,
1305 566 1347 618 ſi
1370 571 1455 629 quis
1476 586 1496 614 e
1517 571 1741 635 Collegarum
1769 592 1835 620 nu-

274 628 366 664 mero
391 627 489 669 viuis
505 628 711 684 exceſſerit,
744 645 824 673 cum
845 633 1039 690 honorifica
1052 641 1224 680 mentione
1251 640 1345 699 quid
1363 645 1528 690 commodi
1552 648 1702 707 Collegio
1721 660 1832 708 prae-

265 679 420 741 ſtiterit,
464 689 559 751 quae
588 698 753 751 opuſcula
779 700 956 752 ediderit,
998 702 1154 760 adeoque
1185 707 1394 755 breuiſſimis
1426 722 1506 751 vita
1535 723 1642 770 ipſius
1663 738 1700 755 et
1722 723 1828 758 beata

272 763 420 824 analyſis
442 781 651 818 enarretur.

912 870 1010 916 Lex
1064 874 1180 917 XIX.

439 923 485 966 Si
497 928 598 984 quis
628 927 923 976 Academicorum
956 944 1042 976 ante
1065 935 1221 995 opuſculi
1253 939 1440 987 editionem
1464 958 1484 986 e
1499 943 1605 988 viuis
1629 951 1827 1006 exceſſerit,

255 981 474 1048 fragmenta
496 997 543 1036 ab
560 998 634 1037 alio
650 1002 792 1058 Collega
819 1002 1035 1062 colligenda,
1071 1019 1108 1044 et
1129 1019 1207 1047 cum
1223 1013 1411 1069 praeſcitu
1433 1017 1633 1070 Praeſidis,
1664 1023 1738 1073 ſub
1768 1040 1828 1062 no-

267 1061 358 1106 mine
372 1070 539 1116 Autoris
554 1072 752 1125 demortui,
780 1091 822 1115 ut
847 1079 1022 1128 edantur,
1059 1087 1247 1137 conceſſum
1268 1087 1492 1147 liberumque
1516 1095 1576 1140 ſit.

911 1191 1010 1232 Lex
1065 1197 1163 1233 XX.

429 1240 597 1294 Quilibet
622 1243 857 1291 Academicus
881 1249 973 1291 alios
1004 1256 1118 1296 etiam
1145 1255 1327 1309 Medicos,
1361 1260 1446 1309 ſiue
1465 1262 1528 1304 illi
1549 1265 1724 1308 Germani
1734 1272 1827 1320 ſint,

247 1299 325 1346 ſiue
346 1310 489 1362 exteri,
532 1310 793 1356 Germanorum
818 1313 913 1370 hiſce
934 1314 1118 1362 laboribus
1135 1320 1329 1373 fauentes,
1379 1340 1447 1364 aut
1466 1333 1577 1383 ipſam
1603 1339 1641 1369 in
1664 1340 1824 1376 Societa-

256 1384 321 1420 tem
336 1385 557 1446 protrahere
579 1388 787 1445 conabitur,
819 1404 861 1434 vt
886 1391 1043 1440 membra
1059 1394 1211 1461 Collegii
1228 1398 1350 1455 fiant,
1378 1412 1458 1457 aut,
1482 1396 1524 1446 vt
1547 1402 1722 1469 tanquam
1746 1414 1821 1455 Pa-

255 1459 349 1503 troni
370 1478 414 1507 ac
437 1468 615 1511 Fautores
619 1467 760 1521 ſaltem
777 1469 951 1531 Collegii,
997 1473 1155 1534 reliquis
1178 1479 1348 1525 Dominis
1370 1479 1543 1544 Collegis,
1574 1495 1610 1526 et
1621 1489 1817 1547 praecipue

253 1516 521 1580 Ephemeridum
542 1534 793 1576 Collectoribus
816 1544 969 1578 rariora
998 1547 1280 1586 communicando
1310 1564 1453 1603 operam
1484 1559 1647 1601 conferre
1670 1558 1817 1612 dignen-

254 1606 335 1658 tur,
367 1608 542 1654 inuitare.

956 1712 1055 1757 Lex
1110 1719 1228 1757 XXI.

418 1768 590 1824 Quilibet
603 1771 840 1823 Academicus
856 1777 975 1837 geſtet
993 1781 1252 1841 Symbolum
1274 1785 1550 1848 Academiae,
1577 1791 1727 1846 ſcilicet
1748 1802 1816 1841 an-

248 1819 363 1869 nulum
387 1842 560 1880 aureum,
605 1839 646 1870 in
667 1852 738 1888 quo
761 1840 833 1875 loco
853 1856 1022 1893 gemmae
1031 1845 1089 1892 ſit
1110 1846 1203 1883 liber
1224 1861 1395 1903 apertus,
1432 1859 1474 1888 in
1495 1861 1599 1891 cuius
1619 1873 1691 1892 vna
1701 1864 1814 1906 facie

247 1901 360 1947 oculus
392 1906 514 1949 radiis
540 1920 562 1948 e
582 1908 674 1949 nube
697 1911 922 1965 illuſtratus,
965 1918 1006 1955 in
1022 1915 1145 1959 altera
1166 1922 1315 1963 Lemma
1344 1926 1617 1968 Academicum:
1669 1946 1813 1975 NVN-

245 1981 397 2032 QVAM
443 1992 709 2044 OTIOSVS,
765 1989 943 2052 inſcripta
961 1992 1061 2047 ſint:
1104 1995 1256 2043 Librum
1276 1997 1324 2043 ab
1353 2012 1506 2062 vtroque
1527 2003 1646 2048 latere
1663 2009 1811 2068 ſerpen-

245 2048 313 2100 tes,
360 2064 504 2110 corpore
532 2059 582 2098 et
596 2056 713 2101 cauda
746 2063 847 2102 circa
878 2062 1006 2106 annuli
1036 2065 1210 2111 circulum
1242 2071 1513 2126 circumuoluti,
1560 2089 1621 2116 ore
1650 2091 1809 2132 teneant,

244 2126 307 2164 non
327 2139 404 2171 tam
426 2138 468 2172 vt
487 2140 734 2177 ornamentum
756 2136 908 2181 Ordinis
918 2140 994 2191 ſit,
1024 2156 1136 2199 quam
1150 2148 1442 2201 incitamentum,
1469 2150 1520 2190 ad
1540 2153 1692 2204 officium
1701 2160 1806 2211 ſerio

245 2208 279 2239 et
287 2206 454 2262 fideliter
476 2209 726 2271 exequendum
741 2216 853 2277 (²⁶⁵).

1122 2302 1188 2349 Bb
1221 2318 1248 2350 2

1700 2314 1802 2360 Por-

292 2383 373 2437 (²⁶⁵)
397 2392 443 2428 At
455 2398 540 2426 vero
553 2385 750 2430 noſtrorum
765 2392 801 2430 in
815 2393 872 2432 hac
892 2390 1018 2451 Acade-

243 2422 305 2458 mia
325 2428 538 2482 Collegarum
560 2442 703 2470 omnino
730 2443 883 2482 intereſt,
912 2448 1001 2476 haud

243 2470 359 2516 neſcire
380 2492 592 2534 praceipuum
616 2491 696 2519 illud
722 2502 819 2538 atque
837 2497 1002 2541 ſingulare

237 2509 419 2571 diſcrimen,
464 2542 555 2576 quod
590 2542 788 2578 deſcriptum
817 2549 885 2593 hoc
916 2551 999 2595 Ioco

235 2559 445 2642 Symbolum,
469 2598 530 2635 hac
546 2603 586 2636 ex
600 2593 688 2623 Lege
701 2608 720 2640 a
737 2600 856 2626 quouis
873 2601 996 2641 Acade-

237 2621 340 2673 mico,
362 2648 424 2680 pro
441 2652 483 2669 eo
499 2654 533 2669 vt
546 2644 707 2680 lubuerit,
742 2648 811 2688 ſiue
831 2652 869 2692 in
880 2651 993 2695 litteris

233 2673 355 2718 publice
376 2691 615 2738 vſurpandum,
636 2697 703 2725 ſiue
724 2699 826 2740 Sigilli
841 2700 918 2729 loco
935 2705 992 2729 ha-

234 2708 392 2788 bendum,
420 2744 560 2776 ſeiungit
578 2761 599 2797 a
618 2758 774 2789 peculiari
791 2751 849 2800 illo
864 2754 990 2798 Acade-

1038 2398 1130 2438 miae
1140 2400 1278 2452 Inſigni,
1311 2403 1378 2440 hoc
1392 2414 1524 2457 quoque
1548 2410 1746 2459 Symbolum
1765 2414 1805 2452 ſi-

1038 2451 1110 2478 mul
1129 2457 1388 2497 complectente,
1416 2470 1484 2498 quo
1507 2463 1573 2499 ipſa
1584 2465 1623 2487 ab
1641 2468 1806 2504 Auguſtiſ-

1036 2500 1122 2530 ſimo
1138 2504 1385 2549 glorioſiſſimae
1394 2517 1575 2538 memoriae
1590 2518 1805 2555 Imperatore,

1034 2561 1258 2601 LEOPOLDO
1282 2560 1425 2608 Magno,
1457 2565 1493 2577 in
1516 2568 1671 2595 ampliori
1697 2572 1798 2619 Priui-

1032 2604 1122 2646 legio
1134 2606 1256 2650 donata
1277 2611 1324 2654 eſt
1346 2621 1441 2656 atque
1462 2617 1629 2666 decorata.
1704 2622 1796 2666 Licet

1032 2663 1139 2690 enim,
1176 2659 1248 2697 ipſo
1273 2661 1329 2685 illo
1361 2664 1499 2695 ſummo
1512 2670 1713 2702 Imperatore
1729 2677 1790 2691 vo-

1028 2708 1115 2731 lente
1137 2718 1233 2746 atque
1253 2713 1403 2743 iubente,
1435 2719 1502 2750 ſoli
1522 2718 1665 2750 Praeſidi
1692 2727 1792 2760 atque

1027 2758 1271 2810 Ephemeridum
1291 2767 1459 2811 Directori
1469 2769 1600 2815 liceat,
1619 2769 1688 2818 hoc
1708 2773 1793 2819 Aca-

1657 2833 1794 2875 demiae
