2471 2899
1467 560 1510 604 31

299 630 420 667 etiam
435 632 558 663 contra
587 632 733 669 ſubditos
762 628 1025 673 præſcriptione
1053 616 1111 669 uti
1146 622 1269 677 ſoleat,
1298 626 1349 667 &
1376 628 1510 665 merito

299 700 441 735 quoque
461 682 537 725 ejus
554 684 616 719 vim
640 688 774 723 contra
790 690 833 727 ſe
842 677 1053 729 admittere
1066 684 1271 727 teneatur,
1292 692 1458 727 maxime
1473 677 1504 729 fi

297 743 394 786 jus,
420 735 465 778 de
496 747 566 791 quo
585 739 786 786 quæratur,
796 743 870 778 non
893 741 979 768 adeo
1008 737 1129 786 magni
1152 735 1208 778 ſit
1216 745 1409 782 momenti,
1438 743 1502 782 nec

297 797 431 844 gravis
451 795 548 836 cauſa
576 793 646 836 ejus
663 786 885 838 aſſertionem
912 793 1064 846 poſtulet.
1111 791 1203 834 Qui
1210 784 1331 844 igitur
1349 797 1508 842 genero-

300 854 446 891 ſitatem
467 841 611 887 ultimis
627 842 735 888 lineis
754 840 914 900 Principi
933 839 1259 895 commendatam,
1292 855 1332 882 ut
1351 856 1416 897 par
1435 843 1500 894 eſt,

302 898 553 952 magnifacio,
583 913 706 953 neque
733 910 836 938 extra
855 910 1011 951 gravem
1029 899 1180 938 cauſam
1207 897 1412 952 querulum
1429 897 1501 938 ho-

303 962 454 1003 minum
478 960 678 1010 ingenium
701 960 960 1013 intempeſtive
982 960 1072 1010 juris
1105 959 1249 1012 antiqui
1279 956 1504 1000 reductione

303 1018 614 1073 provocandum,
643 1019 836 1070 exiſtimo,
867 1017 945 1059 duo
962 1019 1085 1072 priora
1109 1027 1330 1069 argumenta
1349 1020 1443 1060 Viro
1461 1018 1504 1058 in

305 1074 476 1118 doctrina
507 1076 607 1117 civili
639 1072 726 1116 alias
764 1074 983 1128 peritiſſimo
1019 1073 1191 1114 excidiſſe
1233 1071 1341 1126 plane
1374 1076 1504 1113 miror.

305 1135 425 1196 Quod
443 1137 546 1179 enim
564 1137 611 1179 de
628 1136 901 1192 præſcriptione
924 1134 969 1177 ad
985 1134 1207 1189 exemplum
1232 1132 1353 1187 pacti,
1382 1136 1503 1175 intro-

304 1193 437 1247 ducta,
468 1206 546 1249 quo
561 1196 642 1248 jura
662 1205 926 1248 mutarentur,
955 1197 1020 1237 Vir
1042 1194 1343 1238 Conſultiſſimus
1370 1190 1505 1243 adfert,

305 1257 450 1299 tamdiu
468 1256 515 1298 de
532 1256 651 1299 modo
667 1255 939 1298 mutandorum
954 1255 1095 1307 jurium
1109 1257 1207 1299 inter
1223 1253 1403 1304 ſubditos,
1422 1252 1505 1308 qui-

306 1313 377 1354 bus
394 1314 496 1367 leges
513 1313 641 1356 ſaltem
657 1312 734 1355 latæ
751 1313 852 1363 ſunt,
883 1323 1029 1353 tantum
1040 1310 1276 1362 intelligenda
1294 1310 1388 1359 ſunt,
1407 1321 1505 1363 quam

309 1375 373 1415 diu
388 1375 566 1426 Princeps
594 1373 653 1413 his
677 1370 762 1426 ipſis
788 1370 937 1424 legibus
964 1383 1013 1409 ex
1039 1373 1188 1422 propria
1215 1369 1406 1411 voluntate
1437 1382 1505 1409 ex-

308 1436 427 1490 preſſe
446 1437 483 1479 ſe
497 1449 577 1478 non
595 1434 770 1478 ſubmiſit.
850 1432 966 1492 Quod
989 1436 1092 1475 enim
1114 1434 1276 1486 Principi
1300 1433 1341 1473 in
1369 1433 1506 1475 conſti-

309 1490 452 1532 tuendo
472 1493 553 1542 jure
570 1494 666 1530 inter
685 1491 864 1544 privatos,
874 1500 916 1528 ut
941 1501 1070 1532 rerum
1086 1491 1164 1539 jura
1181 1487 1384 1542 aliquando
1402 1498 1505 1529 certa

308 1545 401 1599 ſint’,
423 1546 584 1602 placuit,
617 1546 716 1589 male
733 1546 779 1588 ad
794 1544 1097 1589 conſtituendum
1117 1556 1272 1599 quoque
1290 1545 1346 1592 jus
1375 1545 1507 1586 adver-

309 1610 368 1650 ſus
391 1606 685 1663 rempublicam,
715 1618 818 1649 extra
835 1604 1033 1661 ſpecialem
1050 1607 1360 1660 permiſſionem,
1387 1603 1507 1659 adpli-

310 1682 426 1710 catur.
487 1673 569 1711 Nec
584 1670 776 1710 immerito
800 1670 911 1723 quæri
925 1667 1077 1722 poſſet,
1103 1668 1130 1711 ſi
1155 1666 1304 1710 forſitan
1328 1669 1508 1718 Princeps

309 1724 444 1779 aliquis
463 1724 510 1764 de
526 1723 800 1779 præſcriptione
817 1724 899 1765 latis
924 1721 1068 1777 legibus
1096 1723 1131 1763 ſe
1157 1721 1288 1776 ſponte
1317 1723 1378 1764 ſua
1419 1722 1506 1763 ſub-

309 1782 484 1834 miſiſſet,
512 1789 563 1824 an
576 1785 617 1825 in
643 1782 861 1825 dimittenda
878 1781 938 1822 vel
963 1779 1164 1823 accidenda
1183 1789 1285 1833 parte
1302 1780 1450 1833 imperii
1460 1779 1508 1821 ad

310 1841 473 1884 eandem
504 1841 790 1884 ſubmiſſionem
825 1840 1008 1883 ſucceſſor
1034 1840 1220 1893 obligatus
1252 1837 1368 1890 eſſet,
1401 1836 1507 1893 quod

299 1897 460 1948 ipſum,
484 1898 519 1948 ſi
533 1901 652 1940 etiam
665 1906 707 1942 in
728 1907 1050 1942 patrimonialibus
1069 1902 1113 1942 &
1131 1911 1281 1940 proprio
1299 1907 1388 1945 jure
1407 1904 1504 1947 quæ-

308 1954 386 1997 ſitis
401 1955 577 2006 imperiis
586 1954 878 2003 concederetur,
906 1956 947 1992 in
966 1953 1135 1994 electivis
1156 1964 1284 1991 tamen
1301 1954 1341 1991 &
1358 1953 1404 1991 ad
1422 1963 1506 1991 cer-

311 2023 392 2051 tam
418 2009 623 2052 formulam
648 2010 827 2052 adſtrictis
849 2009 1016 2062 imperiis
1038 2018 1277 2059 nequaquam
1303 2006 1506 2047 admitten-

311 2072 406 2113 dum
427 2070 535 2111 foret.
623 2068 741 2127 Quod
762 2070 835 2122 ipſe
852 2072 1028 2121 Princeps
1052 2067 1327 2121 præſcriptione
1345 2070 1384 2107 in
1403 2067 1506 2110 cives

312 2128 369 2169 uti
384 2123 516 2174 ſoleat,
546 2137 594 2164 ex
612 2125 736 2176 agnita
757 2122 804 2163 ab
830 2124 910 2179 ipſis
933 2116 1094 2165 ſubditis
1115 2122 1295 2177 poteſtate
1319 2119 1508 2175 legislato-

313 2181 367 2205 ria
384 2177 576 2217 provenit,
609 2186 680 2203 nec
694 2174 886 2204 duriorem
912 2173 1048 2203 ſubditi
1067 2174 1170 2202 illam
1188 2174 1506 2214 præſcriptionem

317 2256 336 2285 a
348 2242 519 2295 Principe
540 2237 734 2284 ferendam
749 2238 962 2290 habebunt,
994 2248 1109 2292 quam
1126 2251 1173 2279 ex
1189 2237 1317 2292 legum
1336 2250 1467 2279 tenore
1485 2249 1508 2276 a

1411 2319 1510 2361 quo-
