1256 1962
547 397 574 432 a)
585 396 712 433 exemplo
730 397 847 425 aliarum
864 399 1009 427 actionum
1026 400 1202 435 prætoriarum

590 440 686 461 contra
697 442 736 468 jus
749 434 829 461 civile
845 440 1068 472 competentium
1081 440 1136 475 l.35.
1153 448 1173 466 n.
1184 431 1200 460 de

589 486 653 514 O.&
669 487 705 514 A.

781 534 865 564 TIT.
882 538 946 565 III.

830 587 881 611 DE

654 626 711 659 IN
739 626 849 662 REM
876 626 1047 662 VERSO.

502 664 562 729 A

570 675 680 710 CTIO
701 676 757 709 DE
777 675 829 709 IN
846 677 944 710 REM
966 676 1144 713 VERSO
1164 669 1200 712 eſt

571 710 656 744 actio
674 715 843 751 prætoria,
861 717 1052 748 perſonalis,
1071 721 1120 762 rei
1136 725 1197 751 per-

499 762 666 797 ſecutorra
677 773 716 796 ex
731 768 904 799 contractu
918 766 977 799 filii
985 770 1037 801 vel
1047 770 1139 807 ſervi,
1151 766 1198 800 ad-

499 813 607 850 verſus
633 815 808 851 dominum
827 815 879 851 vel
893 823 1027 865 patrem,
1044 821 1198 866 quatenus

498 863 536 898 in
546 875 616 899 rem
625 875 743 903 eorum
751 864 882 903 verſum
898 865 942 903 eſt
965 869 982 911 a)
1001 874 1198 913 competens.

541 915 572 954 a)
587 918 617 944 in
633 925 688 944 rem
702 927 797 946 autem
808 917 912 957 Serſum
925 918 1107 959 intelligitur,
1127 913 1196 960 quod

581 961 687 990 utiliter
702 963 747 989 vel
756 961 904 990 neceſſario
913 961 1078 1000 impenſum,
1088 964 1152 994 licet
1159 963 1196 993 ſo-

581 1004 640 1031 lum
648 1002 864 1032 intentionaliter
873 1004 1029 1040 l.3.§.3.&
1035 1016 1061 1039 7.
1075 1004 1095 1036 h.
1106 1014 1123 1037 t.
1137 1009 1196 1035 cum

580 1047 693 1070 eventus
706 1050 766 1070 non
781 1040 812 1070 ſit
824 1042 848 1070 in
857 1041 989 1082 poteſtate
1007 1044 1112 1083 agentis
1133 1038 1197 1077 Zœſ.

582 1081 610 1114 h.
618 1092 646 1112 n.
657 1092 681 1113 2.
696 1084 783 1113 modo
795 1084 830 1116 ſic
838 1085 869 1115 ſit
878 1083 985 1117 verſum
992 1095 1023 1117 ut
1035 1086 1107 1119 illud
1121 1086 1197 1119 duret.

580 1124 644 1160 I10.
651 1125 707 1160 §.6.
717 1126 777 1161 eod.

763 1224 847 1249 TIT.
864 1225 925 1249 IV.

678 1276 831 1320 QVOD
872 1276 1085 1326 JUSSU.

496 1321 556 1391 A

567 1328 677 1365 CTIO
690 1329 823 1377 QVOD
839 1330 962 1374 JUSSU
966 1323 1022 1377 eſt
1037 1325 1114 1380 actio
1126 1334 1196 1378 præ-

559 1366 671 1402 toria,
691 1367 887 1407 perſonalis,
906 1376 954 1394 rei
968 1378 1196 1409 perſecutoria,

496 1430 567 1466 quæ
589 1419 684 1426 datur
589 1426 683 1456 datur
698 1424 735 1457 in
750 1421 891 1458 ſolidum
913 1426 1064 1460 adverſus
1073 1429 1194 1473 patrem

495 1469 550 1504 vel
566 1470 753 1512 dominum,
768 1480 808 1502 ex
818 1476 934 1516 quovis
952 1478 1126 1511 contractu
1140 1472 1193 1511 filii

497 1520 549 1558 vel
564 1520 662 1561 ſervi,
671 1522 737 1565 ejus
750 1519 837 1567 juſſu
837 1523 869 1568 a)
885 1523 1065 1561 celebrato.

539 1565 567 1599 a)
576 1561 661 1602 juſſus
673 1564 719 1594 hic
723 1568 886 1607 generaliter
893 1577 1088 1606 quamcunque
1099 1562 1196 1601 volun-

579 1621 667 1645 tatem
672 1612 830 1659 expreſſam
837 1617 865 1649 &
871 1613 1027 1661 ſpecialem,
1037 1619 1091 1653 ſive
1104 1620 1139 1652 ab
1146 1611 1195 1650 ini-
