1755 2527
570 477 693 519 atque
718 473 838 511 medii
860 473 940 513 ævi
962 473 1139 515 rationes
1161 476 1512 529 accommodatam,
1526 473 1564 525 &

572 530 659 571 Lib.
676 527 743 570 VI.
761 543 789 571 c.
800 543 835 571 2.
853 532 967 573 notit.
986 531 1118 575 Germ.
1134 533 1311 586 antiquæ
1327 541 1369 585 p.
1383 544 1471 587 245.
1472 533 1558 591 ſeq.

571 582 801 634 explicatam,
832 586 857 625 &
887 585 1295 639 BAVMGARTENIVS,
1324 591 1384 629 ſeu
1400 594 1562 633 SEMLE-

571 650 657 678 RVS
676 642 735 683 ad
763 643 877 687 Tom.
891 645 1030 690 XVII.
1048 646 1135 701 hiſt.
1157 645 1331 706 univerſ.
1357 648 1560 701 Alterum,

569 694 678 739 quod
701 707 996 735 commemorare
1018 698 1079 736 hic
1106 698 1246 746 debeo,
1274 702 1484 741 continetur
1505 714 1560 741 ac-

570 750 790 790 ceſſionibus
818 753 1006 793 GALLIÆ
1031 755 1258 804 BELGICÆ,
1295 757 1337 796 &
1354 770 1374 796 a
1396 760 1561 810 propriis

565 806 693 861 Belgis
704 809 750 846 ita
770 808 961 866 appellatæ
964 812 1226 856 GERMANIÆ
1226 815 1561 864 CISRHENANÆ,

568 861 616 897 de
631 863 737 913 cujus
757 864 887 902 tabulis
903 865 975 914 jam
994 865 1071 905 dixi
1086 863 1181 920 §58.
1213 870 1253 910 &
1268 870 1450 913 Tertium
1460 871 1561 912 deni-

567 925 663 960 que,
690 918 824 959 Seculo
838 920 884 956 V.
907 920 1050 961 abolitis
1077 922 1156 960 fere
1177 923 1303 973 priſcis
1329 925 1560 974 nominibus,

564 972 858 1011 GERMANIAM
887 971 928 1008 in
943 970 1183 1021 Saxoniam,
1199 973 1412 1018 Franciam
1423 976 1559 1020 Orien-

564 1024 700 1074 talem,
709 1024 1008 1079 Alemanniam,
1016 1030 1041 1070 ſ.
1052 1029 1256 1084 Sveviam,
1269 1032 1557 1089 Thuringiam-

562 1087 657 1129 que,
701 1078 729 1124 &
762 1079 1025 1125 Germaniam
1044 1084 1255 1140 propriam
1279 1076 1451 1149 diviſam
1474 1088 1558 1142 eſſe,

563 1140 804 1193 Francisque,
819 1142 955 1196 Friſiis,
964 1145 1181 1199 Saxonibus,
1192 1148 1402 1203 Thuringis
1419 1151 1460 1191 &
1468 1153 1556 1192 Sue-

561 1192 620 1230 vis
636 1193 774 1231 incolas
788 1205 923 1243 novos,
941 1197 1191 1248 Alemannos,
1209 1199 1413 1251 Boioarios,
1451 1203 1473 1244 &
1484 1205 1558 1245 Ve-

559 1248 702 1299 nedos,
740 1250 814 1291 ſive
828 1252 974 1301 Slavos,
1008 1255 1201 1306 acceſſiſſe;
1247 1258 1341 1298 Hæc
1363 1270 1449 1298 cum
1475 1258 1554 1310 ſpe-

559 1308 640 1347 ciali
656 1306 788 1359 tabula,
807 1310 893 1361 poſt
912 1317 1183 1362 SPENERVM,
1193 1314 1344 1368 egregie
1360 1326 1554 1361 common-

556 1361 729 1400 ſtraverit
758 1365 1014 1402 KÖHLERVS
1044 1367 1083 1402 in
1109 1373 1313 1408 comment.
1339 1374 1463 1418 novo,
1504 1366 1551 1408 ad

558 1417 661 1456 idem
697 1419 805 1457 etiam
831 1430 980 1470 tempus
1007 1423 1206 1464 BVNAVIVM
1238 1436 1341 1466 cum
1352 1428 1553 1472 MASCOVIO

557 1474 755 1517 diſſeruiſſe
768 1475 893 1518 video,
904 1483 1024 1520 quum
1036 1484 1196 1523 uterque
1208 1476 1488 1518 decrementum
1509 1480 1553 1520 &

556 1530 703 1565 ruinam
725 1531 874 1577 imperii
898 1529 1059 1573 Romani
1076 1530 1161 1582 poſt
1180 1533 1309 1574 initam
1335 1548 1356 1574 a
1369 1534 1550 1578 Theodo-

552 1584 609 1624 ſio
636 1585 733 1622 inter
777 1586 875 1626 filios
921 1586 1162 1639 diviſionem,
1210 1589 1420 1643 junctisque
1456 1594 1550 1635 invi-

554 1651 635 1677 cem
668 1639 911 1691 Francorum,
934 1639 1229 1686 Alemannorum
1258 1655 1369 1695 atque
1398 1647 1550 1692 Gotho-

553 1705 641 1733 rum
661 1696 701 1735 &
726 1697 883 1736 aliorum
910 1698 1038 1748 armis,
1080 1699 1231 1742 ſtabilita
1255 1714 1354 1743 nova
1383 1705 1422 1744 in
1447 1705 1549 1746 Italia

551 1760 690 1799 regna,
718 1754 761 1790 &
777 1762 954 1793 mutatam
977 1753 1090 1806 ipſius
1104 1755 1319 1799 Germaniæ
1343 1758 1473 1800 faciem
1492 1772 1548 1800 ea-

550 1810 660 1850 dem,
687 1819 762 1852 qua
775 1808 1037 1855 vetuſtiorem,
1078 1818 1165 1847 cura
1190 1822 1232 1850 ac
1254 1811 1464 1854 eruditione
1484 1814 1548 1854 de-

549 1865 743 1914 ſcripſerit.
799 1866 844 1902 In
868 1876 945 1914 quo
962 1865 1116 1918 quidem
1132 1858 1396 1919 BVNAVIVS,
1421 1880 1546 1919 quum

549 1931 725 1966 quartum
744 1919 906 1961 hiſtoriæ
925 1921 997 1961 ſuæ
1010 1931 1108 1962 anno
1130 1932 1245 1977 I745.
1256 1925 1448 1967 Volumen
1460 1927 1547 1967 ede-

548 1988 616 2023 ret,
628 1978 673 2014 ad
685 1978 918 2018 LVDOVICI
936 1985 1183 2021 INFANTIS,
1210 1981 1402 2025 Germaniæ
1417 1983 1546 2040 Regis,

546 2031 752 2084 deceſſum,
779 2043 920 2075 annum
954 2034 1090 2079 ſcilicet
1112 2043 1208 2088 911.
1234 2040 1449 2094 progreſſus
1478 2041 1545 2093 eſt,
