1913 2801
623 550 693 578 A.V.

624 588 687 619 807.

626 622 696 651 A.C.

636 660 677 690 54.

715 546 800 581 ſedem
819 558 981 582 caecorum
999 551 1097 584 terris
1118 545 1299 597 adverſam.
1342 553 1386 587 Ea
1404 553 1540 599 ambage
1556 554 1694 589 Chalce-

705 594 797 627 donii
826 594 1106 634 monſtrabantur,
1154 597 1249 640 quod
1275 598 1403 642 priores
1433 598 1509 632 illuc
1546 600 1693 639 advecti,

702 634 719 658 ²
725 640 866 685 praeviſa
884 643 1036 676 locorum
1055 643 1206 681 utilitate,
1224 655 1338 688 peiora
1352 645 1506 691 legiſſent.
1555 647 1695 694 Quippe

704 685 892 727 Byzantium
916 686 1015 721 fertili
1033 687 1121 727 ſolo,
1152 686 1369 734 fecundoque
1386 687 1485 728 mari;
1515 699 1588 733 quia
1642 703 1694 729 vis

1554 738 1694 784 piſcium

736 824 749 842 2
769 816 880 848 Praeviſa
894 818 991 841 locorum
1007 818 1138 848 utilitate.]
1154 814 1184 852 Ad

701 845 843 871 ſententiam
859 848 953 871 fortaſſe
975 853 1067 878 aptius,
1096 853 1180 877 parum

701 883 753 913 viſa
771 884 868 907 locorum
885 885 999 909 utilitate.
1042 886 1099 910 Ideo
1115 893 1179 909 enim

701 924 780 942 caeci,
798 917 898 942 oraculo
925 919 991 942 dicti.
1027 919 1099 950 Apud
1117 923 1178 944 Stra-

703 954 793 984 bonem
809 954 930 977 denarrata
948 961 1000 978 tota
1023 962 1077 981 res,
1095 954 1136 979 lib.
1155 964 1178 985 7.

699 990 740 1011 τὸν
757 989 876 1014 Άπόλλω,
911 994 1008 1018 inquit,
1046 992 1110 1016 ϕασὶ
1133 995 1181 1017 τοῖς

698 1027 796 1050 ϰτίσασι
810 1022 835 1043 τὸ
853 1021 979 1050 Βυζάντιον
994 1020 1094 1052 ϋϛεϱον,
1120 1023 1179 1050 μετὰ

698 1055 738 1077 τὴv
754 1055 795 1082 ὑπὸ
825 1054 948 1084 Μεγαϱέων
971 1056 1109 1081 Χαλϰηδόνος
1131 1058 1179 1079 ϰτί-

700 1099 751 1117 σιν,
791 1090 1030 1122 ϰϱηϛηϱιαζομένοις,
1066 1092 1178 1123 πϱοϛάξαι

699 1127 837 1154 ποιήσαϑαι
864 1123 904 1148 τήν
926 1124 1018 1154 Ίδϱυσιν
1038 1125 1178 1158 ἀπεναντίον

699 1159 742 1179 τῶv
778 1159 878 1185 τυϕλῶν,
914 1160 1004 1186 τυϕλȣς
1043 1162 1176 1188 ϰαλέσαντα

699 1192 741 1216 τȣς
773 1193 947 1220 Xαλϰηδονίȣς,
983 1194 1026 1220 ὅτι
1068 1195 1177 1225 πϱότεϱον

699 1229 844 1261 πλεύσαντας
869 1227 901 1263 εἰς
922 1230 963 1258 τȣς
984 1227 1063 1258 τόπȣς,
1078 1227 1176 1255 ἀϕέντες

697 1262 736 1296 τὴν
750 1262 821 1288 πέϱαν
836 1262 968 1287 ϰαταχεῖν,
987 1263 1082 1291 τοσȣτον
1102 1264 1174 1285 πλοῦν

694 1295 808 1331 εχȣσαν,
832 1294 928 1330 εἵλοντο
959 1296 999 1320 τήν
1025 1294 1176 1326 λυπϱοτέϱαν.

697 1332 777 1356 Habes
791 1332 872 1355 eadem
889 1341 911 1354 in
930 1331 1070 1359 Herodoto,
1089 1331 1129 1356 lib.
1147 1336 1172 1361 4.

698 1363 739 1386 niſi
754 1365 819 1393 quod
836 1365 885 1389 illic
901 1365 990 1389 dictum
1002 1366 1049 1389 hoc
1065 1374 1088 1391 et
1097 1366 1175 1391 ſcom-

700 1406 742 1428 ma
742 1406 774 1422 in
796 1401 958 1423 Chalcedonis
980 1399 1114 1431 Megabyzo
1135 1403 1174 1425 Sa-

698 1439 775 1464 trapae
798 1435 891 1468 tribuit.
933 1434 1109 1466 Septemdecim
1133 1444 1174 1459 au-

699 1473 748 1489 tem
769 1477 839 1494 annis
870 1469 997 1497 conditam
1022 1469 1176 1495 Chalcedona

696 1511 750 1527 ante
764 1503 918 1534 Byzantium,
941 1506 1030 1529 ibidem
1046 1514 1117 1529 etiam
1128 1513 1173 1530 tra-

695 1540 772 1564 ditum.
803 1537 897 1572 Lipſius.
952 1542 1039 1565 Parum
1053 1540 1103 1573 viſa
1126 1542 1174 1573 pla-

695 1581 734 1597 cet
749 1582 821 1598 etiam
839 1575 963 1600 Pichenae.
996 1578 1028 1601 At
1045 1579 1060 1604 I.
1078 1578 1174 1602 Grono-

695 1617 736 1633 vio
751 1606 925 1645 impraeviſa.
932 1610 998 1644 Quid
1012 1613 1115 1643 impedit
1122 1621 1174 1644 quo

696 1648 778 1670 minus
778 1642 912 1672 praeviſa,
928 1644 994 1675 quod
1016 1652 1099 1669 omnes
1123 1645 1176 1669 libri

699 1676 796 1702 habent,
806 1684 855 1701 ſint
870 1686 917 1701 non
938 1677 1003 1704 viſa,
1023 1678 1176 1709 praeterviſa,

699 1716 726 1731 ad
743 1711 843 1733 formam
868 1711 951 1734 Graeci
976 1711 1041 1736 verbi
1062 1709 1175 1744 παϱοϱαν.

699 1748 780 1779 Atque
792 1746 820 1771 ſic
835 1757 862 1779 ap.
888 1749 973 1774 Horat.
984 1751 1060 1773 Serm.
1077 1750 1094 1776 I,
1109 1757 1127 1781 3,
1143 1755 1176 1779 25.

695 1781 832 1808 praevideas
852 1778 929 1806 mala,
945 1780 1030 1810 legunt
1051 1790 1074 1806 et
1089 1782 1176 1807 intelli-

698 1822 758 1844 gunt
796 1815 842 1839 viri
881 1817 991 1847 praeclari
1029 1816 1175 1850 Rutgerſius,

697 1849 828 1878 Bentleius,
856 1849 977 1878 Heinſius,
1009 1853 1172 1881 Cuningamus.

699 1885 728 1908 Et
740 1882 766 1908 ſic
784 1893 829 1908 iam
846 1893 942 1910 monuit
956 1888 987 1911 N.
1005 1886 1113 1911 Heinſius
1134 1894 1172 1917 ap.

697 1920 833 1953 Ryckium,
858 1929 930 1952 quem
945 1923 995 1949 vid.

734 1954 746 1980 3
764 1949 799 1970 Vis
809 1951 902 1980 piſcium
921 1957 945 1972 in
964 1945 1098 1986 Pontum.]
1111 1950 1173 1976 Falſa

696 1983 786 2008 lectio:
806 1989 915 2008 damnata
938 1986 966 2009 ab
981 1986 1092 2015 hiſtoria,
1121 1992 1146 2008 et
1160 1992 1173 2009 a

696 2024 771 2050 Iibris.
815 2025 878 2050 Nam
895 2024 948 2048 libri
963 2032 1064 2051 omnes,
1084 2033 1117 2048 vis
1136 2032 1172 2056 pi-

688 2054 764 2084 ſcium
778 2063 801 2078 in
812 2055 974 2086 Metapontum
988 2062 1112 2087 erumpens.
1140 2059 1172 2082 Ex

696 2095 750 2119 quis
765 2097 819 2112 vere
834 2096 956 2117 corriges,
980 2098 1013 2113 vis
1026 2091 1118 2121 piſcium
1137 2100 1172 2115 in-

693 2129 787 2148 numera
801 2124 899 2148 Pontum
913 2131 1036 2155 erumpens.
1081 2127 1113 2150 Ita
1129 2125 1170 2149 ſci-

694 2159 751 2183 licet
766 2168 801 2183 res
817 2161 856 2183 eſt.
872 2160 938 2192 copia
957 2160 994 2186 iſta
1005 2161 1093 2193 piſcium
1112 2163 1171 2193 (Pe-

696 2192 802 2220 Iamydes
817 2192 886 2221 ſunt)
905 2201 950 2216 non
966 2200 1080 2217 intrantes
1095 2200 1108 2215 e
1125 2202 1171 2216 ma-

693 2233 714 2248 ri
730 2226 827 2249 Aegaeo
847 2229 964 2253 Pontum,
987 2234 1012 2250 ut
1024 2229 1119 2258 vulgata
1137 2228 1168 2252 le-

692 2264 743 2281 ctio
767 2259 864 2284 ſuadet,
894 2260 931 2282 ſed
952 2266 1068 2284 exeuntes
1089 2267 1166 2284 erum-

691 2294 828 2324 penteſque
837 2298 972 2326 capiuntur.
996 2298 1091 2322 Faetura
1110 2304 1167 2321 enim

690 2335 775 2352 eorum
791 2337 813 2352 in
828 2330 955 2360 paludibus
970 2333 1100 2357 Maeotidis
1121 2332 1167 2360 eſt;

689 2369 764 2395 atque
786 2364 839 2387 inde
859 2363 951 2391 adulti,
984 2372 1056 2396 grege
1091 2366 1167 2394 facto,

1216 820 1320 845 Pontum
1348 818 1572 851 Propontidemque
1597 820 1696 845 intrant.

1214 858 1289 883 atque
1315 852 1349 876 ibi
1369 858 1472 883 captura.
1523 854 1609 879 Strabo
1631 854 1693 878 clare

1215 889 1247 912 lib.
1271 896 1293 920 7.
1313 888 1382 920 ſuper
1398 889 1441 914 hac
1456 889 1502 922 ipſa
1519 898 1542 913 re
1563 897 1635 922 atque
1655 890 1694 921 pi-

1215 921 1266 946 ſce:
1286 925 1391 946 Τεννᾶται
1404 922 1443 947 οὖν
1451 927 1476 946 τὸ
1491 925 1555 951 ζῶον,
1570 923 1690 956 (Pelamy-

1217 956 1272 980 dem
1299 955 1432 985 intellegit)
1453 958 1475 980 ἐν
1501 961 1548 984 τοῖς
1570 958 1629 981 ἕλεσι
1653 959 1693 984 τῆς

1216 987 1349 1013 Μαιώτιδος.
1374 987 1468 1018 ἰχύσαν
1494 988 1517 1012 δὲ
1537 990 1633 1020 μιϰϱὸν,
1646 991 1694 1021 ἐϰ-

1213 1026 1303 1056 πίπτει
1328 1023 1364 1046 διὰ
1396 1027 1425 1046 τȣ̃
1451 1024 1547 1056 ϛόματος
1568 1024 1690 1053 ἀγεληδὸν,

1213 1062 1252 1083 ϰαὶ
1268 1057 1366 1088 ϕέϱεται
1380 1058 1444 1089 παϱὰ
1459 1059 1497 1084 τὴν
1513 1058 1694 1086 Άσιανὴνἠίονα

1212 1092 1283 1120 μέχϱι
1306 1089 1468 1123 Τϱαπεζȣντος
1493 1094 1531 1116 ϰαὶ
1553 1094 1692 1125 ϕαϱναϰίας.

1212 1130 1238 1153 Et
1260 1127 1314 1162 poſt
1339 1136 1411 1161 pauca
1431 1129 1509 1158 addit;
1536 1132 1642 1156 Έπειδὰν
1667 1133 1691 1155 δὲ

1205 1162 1250 1187 ἤδη
1264 1162 1353 1189 συνάψῃ
1368 1165 1419 1187 ταῖς
1434 1163 1552 1190 Κυανίαις,
1570 1165 1608 1185 ϰαὶ
1632 1171 1691 1195 παϱ-

1211 1197 1300 1222 αλλάξῃ
1315 1195 1416 1221 τάυτας,
1442 1196 1466 1218 ἐϰ
1483 1199 1523 1222 τῆς
1540 1196 1691 1223 Χαλϰηδονια-

1210 1231 1249 1254 ϰῆς
1262 1230 1334 1254 ἀϰτῆς
1347 1230 1418 1258 λευϰή
1432 1238 1469 1255 τις
1495 1230 1570 1259 πέτϱα
1591 1235 1690 1262 πϱοσπί-

1209 1270 1287 1287 πτȣσα
1302 1267 1373 1291 ϕοβεῖ
1385 1266 1409 1287 τὸ
1424 1267 1487 1295 ζῶον,
1506 1267 1534 1290 ὡς
1548 1267 1573 1295 Τ΄
1583 1265 1653 1296 εὐϑὺς
1658 1267 1689 1291 εἰς

1210 1297 1248 1321 τὴν
1266 1299 1362 1327 πεϱαίαν
1384 1299 1515 1329 τϱέπεοϑαι.
1546 1300 1690 1330 παϱαλαβὼν

1210 1332 1233 1355 δὲ
1244 1333 1258 1360 ὁ
1270 1334 1369 1364 ἐνταῦϑα
1379 1332 1427 1370 ὁȣ̃ς,
1442 1334 1493 1360 ἅμα
1508 1335 1547 1356 ϰαὶ
1562 1336 1603 1356 τῶν
1617 1335 1692 1367 τόπων

1209 1369 1294 1398 εὐϕυῶν
1302 1369 1375 1394 ὄντων
1397 1372 1451 1402 πϱὸς
1472 1373 1498 1395 τὸ
1519 1374 1558 1394 τὸv
1582 1373 1636 1397 (ϰεῖ
1644 1374 1691 1400 ὁȣν

1208 1405 1247 1429 τῆς
1260 1405 1395 1433 ϑαλάττης,
1416 1405 1459 1433 ἐπὶ
1471 1407 1496 1428 τὸ
1512 1406 1634 1434 Bυζάντιον
1648 1409 1689 1430 ϰαὶ

1209 1438 1235 1460 τὸ
1252 1438 1307 1469 πϱὸς
1321 1439 1377 1461 αὐτὸ
1400 1441 1470 1470 Κέϱας
1492 1435 1624 1470 τετϱάϕϑαι
1647 1445 1691 1466 ϕυ-

1209 1472 1286 1499 σιϰῶς,
1303 1473 1466 1502 συνελαύνεται
1484 1473 1556 1504 δεῦϱο,
1571 1475 1611 1495 ϰαὶ
1627 1480 1689 1504 παϱ-

1210 1508 1260 1535 έχει
1285 1511 1332 1533 τοῖς
1360 1509 1489 1538 Βυζαντίοις
1511 1512 1548 1532 ϰαὶ
1574 1514 1605 1533 τῷ
1628 1510 1688 1538 δήμψ

1209 1540 1270 1568 τῶν
1270 1540 1391 1570 ΄Ρωμαίων
1426 1543 1531 1575 πϱόσοδον
1560 1545 1690 1574 ΄αξιόλογον.

1210 1578 1349 1608 Eademque
1370 1583 1397 1604 ex
1426 1580 1557 1605 Ariſtotele
1589 1581 1688 1611 colliges

1209 1614 1252 1640 lib.
1265 1610 1299 1647 8.
1330 1618 1371 1642 De
1403 1617 1508 1642 Hiſtoria
1537 1617 1688 1644 animalium,

1209 1655 1259 1679 cap.
1273 1654 1305 1678 13.
1342 1649 1442 1676 Pliniani
1457 1649 1548 1674 codicis
1569 1650 1687 1675 mendum

1211 1689 1261 1706 non
1276 1682 1333 1706 ſileo
1345 1682 1370 1706 in
1384 1682 1428 1706 hac
1449 1683 1584 1708 narratione
1606 1683 1649 1708 lib.
1664 1690 1689 1713 9.

1212 1723 1262 1747 cap.
1277 1725 1308 1746 15.
1341 1718 1381 1749 Eſt
1395 1729 1419 1743 in
1432 1720 1531 1750 Euripo,
1545 1719 1593 1748 ait,
1613 1721 1689 1746 Thra-

1210 1758 1239 1774 cii
1252 1748 1361 1781 Boſpori,
1385 1753 1410 1775 in
1417 1751 1469 1783 ipſis
1477 1752 1589 1784 Europam
1597 1750 1688 1783 Aſiam-

1211 1791 1252 1814 que
1261 1784 1401 1821 ſeparantis
1404 1785 1467 1817 freti
1475 1785 1591 1818 anguſtiis,
1602 1785 1688 1820 ſaxum

1209 1817 1263 1840 miri
1290 1819 1409 1846 candoris,
1448 1825 1455 1841 a
1474 1820 1535 1843 vado
1556 1821 1589 1843 ad
1595 1819 1688 1851 ſumma

1206 1850 1339 1882 perlucens,
1358 1853 1425 1877 iuxta
1441 1853 1600 1879 Chalcedonem
1615 1855 1639 1879 in
1651 1855 1689 1879 la-

1207 1893 1257 1910 tere
1270 1885 1345 1915 Aſiae.
1380 1887 1455 1912 Huius
1472 1887 1581 1919 adſpectu
1594 1894 1687 1920 repente

1208 1921 1302 1948 territi,
1321 1920 1412 1954 ſemper
1437 1923 1557 1955 adverſunt
1576 1923 1687 1955 Byzantii

1205 1959 1401 1985 promontorium,
1419 1963 1447 1978 ex
1461 1963 1488 1978 ea
1504 1955 1577 1987 cauſſa
1585 1956 1687 1989 appella-

1207 1997 1257 2014 tum
1276 1991 1443 2022 Chryſoceras,
1463 1992 1585 2023 praecipiti
1601 1997 1686 2024 petunt

1206 2022 1303 2053 agmine.
1341 2024 1424 2054 Itaque
1437 2032 1510 2049 omnis
1526 2032 1624 2056 captura
1637 2027 1685 2056 By-

1208 2052 1284 2084 zantii
1303 2057 1347 2088 eſt,
1378 2066 1462 2090 magna
1484 2060 1630 2086 Chalcedonis
1646 2067 1699 2092 pe-

1207 2091 1282 2126 nuria.
1319 2092 1477 2124 Opperiuntur
1497 2099 1573 2117 autem
1593 2093 1687 2125 Aquilo-

1206 2137 1240 2152 nis
1251 2126 1347 2157 flatum,
1365 2134 1392 2153 ut
1401 2129 1501 2159 ſecundo
1511 2130 1584 2161 fluctu
1599 2136 1684 2156 exeant

1206 2162 1225 2185 e
1225 2162 1324 2186 Ponto:
1344 2169 1384 2186 nec
1398 2161 1443 2190 miſi
1455 2165 1571 2189 intrantes
1584 2164 1683 2190 Pontum

1206 2198 1315 2226 Byzantii
1328 2194 1479 2234 capiuntur.
1485 2198 1566 2231 Quid?
1585 2208 1635 2225 non
1645 2209 1684 2224 ca-

1202 2227 1304 2259 piuntur
1326 2228 1374 2265 niſi
1411 2229 1526 2255 intrantes
1561 2230 1683 2255 Pontum?

1202 2270 1288 2288 contra
1303 2263 1356 2289 ante
1371 2264 1444 2291 dixit,
1470 2272 1521 2296 capi
1540 2272 1655 2291 exeuntes
1668 2273 1681 2289 e

1203 2299 1302 2326 Ponto,
1322 2305 1371 2321 non
1387 2299 1511 2323 intrantes.
1528 2300 1595 2330 quod
1610 2299 1681 2325 veriſ-

1203 2334 1287 2359 ſimum
1304 2334 1345 2360 eſt.
1382 2337 1468 2367 Itaque
1489 2335 1528 2361 alii
1550 2338 1601 2361 vice
1617 2339 1681 2365 Pon-

1202 2367 1237 2395 ti,
1259 2367 1424 2400 Propontidem
1439 2365 1600 2395 ſubſtituunt:
1626 2369 1685 2396 Pin-
