2432 2667
712 246 796 293 866

1215 222 1412 284 LIBER
1412 222 1711 284 ESTHERÆ

1908 238 2025 292 Cap.
2025 238 2164 292 V--VII.

729 317 900 357 teſtaretur
919 315 953 352 in
977 314 1148 363 præſentia
1169 317 1352 355 Hamanis,
1372 318 1490 363 quanti
1515 316 1681 364 Reginam
1705 314 1849 359 faceret,
1875 315 1898 352 &
1915 328 2017 364 quam
2029 318 2165 354 difficile

727 370 814 408 hoſti
833 368 920 404 foret
936 369 1080 403 ediƈtum
1100 369 1277 403 extendere
1294 380 1401 414 usque
1416 368 1459 401 ad
1473 369 1606 414 Reginæ
1614 378 1740 405 necem.
1759 367 1894 403 Interim
1904 375 2043 415 quoque
2053 368 2161 404 obſer-

728 421 877 457 vandum
889 420 1054 454 Hamanis
1067 419 1402 458 inconſiderantiam,
1416 418 1503 453 nihil
1514 419 1594 454 mali
1607 417 1828 465 ſuspicantis,
1837 418 1883 452 ita
1894 416 2089 467 implicuiſſe
2099 420 2163 456 ho-

726 472 809 508 ſtem
820 469 885 505 ſuis
897 467 1040 509 retibus,
1053 480 1091 504 ut
1101 469 1137 504 &
1147 467 1204 503 ſibi
1215 468 1358 515 gradum
1369 467 1503 503 ſtrueret
1514 468 1557 503 ad
1568 466 1698 515 lapſum
1713 467 1903 508 inſtantem.

849 585 1011 631 Fruſtratio
1020 585 1133 629 conſilii
1139 583 1309 626 Hamanis,
1316 586 1433 627 partim
1439 594 1497 631 per
1506 584 1703 623 Mardochæi
1710 601 1725 624 e
1730 584 1906 627 veƈtionem,
1913 586 2033 633 partim

1238 644 1293 679 per
1307 634 1461 667 Hamanis
1468 631 1643 667 interitum.

1283 741 1404 769 CAP.
1426 740 1490 769 VI.
1510 739 1591 769 VII.

728 823 835 926 H

843 821 1109 870 Iſtoriographus
1117 824 1211 859 Sacer
1219 823 1518 862 demonſtraturus,
1529 833 1634 869 quam
1642 822 1773 859 felicem
1781 834 1830 860 res
1839 821 1961 860 molita
1971 824 2058 860 inter
2066 824 2160 862 Mar-

848 872 1025 908 dochæum
1045 874 1080 907 &
1098 873 1288 907 Hamanem
1307 872 1467 915 acceperit
1485 870 1636 910 exitum,
1656 873 1800 916 exponit
1819 871 2028 918 Singularem
2047 870 2158 908 caſum

727 926 946 969 providentiæ
961 922 1121 969 divinæ,
1130 926 1206 965 quo
1227 918 1353 962 eluſum
1380 921 1427 964 eſt
1432 917 1619 960 conſilium
1620 922 1785 960 Hamanis
1794 920 1874 960 ante
1872 922 1994 965 horam
2002 921 2156 967 convivii

727 974 872 1011 ſecundi.
901 973 986 1006 Dein
1005 981 1043 1005 ut
1061 970 1128 1016 ipſe
1152 973 1284 1007 Haman
1304 980 1394 1005 ante
1412 969 1591 1006 abſolutum
1611 971 1810 1005 convivium
1824 981 1868 1004 ex
1878 968 2053 1017 patibulo,
2057 970 2160 1016 quod

728 1024 945 1060 Mardochæo
957 1031 1215 1066 præparaverat,
1231 1019 1402 1066 ſuſpenſus
1413 1020 1493 1058 fuit.
1511 1025 1660 1058 Notetur
1670 1020 1786 1068 itaque
1795 1021 1831 1055 in
1838 1020 1899 1057 hac
1907 1021 2045 1058 hiſtoria

776 1076 815 1116 1.
815 1076 961 1116 Eveƈtio
974 1074 1192 1111 Mardochæi.
1204 1077 1290 1122 Quæ
1300 1073 1496 1121 depingitur

828 1129 873 1161 A.
899 1127 926 1152 A
938 1118 1094 1162 ſingulari
1114 1119 1302 1156 occaſione,
1320 1128 1387 1163 qua
1406 1121 1537 1153 noƈtem
1558 1127 1749 1163 inſomnem
1765 1127 1946 1165 tranſigens
1970 1127 2034 1154 Rex
2044 1127 2153 1165 Regiæ

894 1173 960 1209 ſuæ
972 1171 1267 1207 adminiſtrationis
1277 1170 1359 1218 legit
1369 1170 1533 1209 Annales,
1543 1180 1647 1217 atque
1657 1172 1693 1205 in
1704 1172 1745 1206 iis
1755 1170 1951 1206 beneficium
1963 1171 2022 1206 ſibi
2032 1172 2152 1218 præſti-

890 1230 987 1259 tum,
999 1228 1058 1253 nec
1076 1229 1229 1264 unquam
1248 1217 1517 1264 compenſatum:
1540 1214 1804 1268 quandoquidem
1826 1219 2062 1256 Mardochæus
2074 1231 2151 1255 con-

891 1272 1093 1317 jurationem
1099 1281 1218 1307 contra
1230 1272 1337 1305 vitam
1346 1268 1448 1317 Regis
1455 1266 1640 1315 ſusceptam
1646 1269 1843 1314 detexerat,
1853 1268 2051 1316 nullamque
2061 1271 2150 1306 retri-

895 1325 1075 1362 butionem
1085 1334 1268 1370 acceperat:
1280 1326 1364 1370 Cap.
1377 1324 1430 1361 VI.
1448 1327 1489 1362 ꝟ.
1506 1332 1590 1367 1--3.

828 1381 870 1416 B.
898 1373 928 1413 A
941 1376 1183 1411 deliberatione
1199 1375 1279 1401 cum
1293 1371 1470 1405 Hamane,
1489 1360 1654 1412 ſuppreſſo
1662 1374 1778 1400 tamen
1786 1363 1995 1401 Mardochæi
2006 1365 2153 1406 nomine.

906 1430 982 1468 Ubi
992 1437 1127 1463 notetur

897 1474 932 1515 א.
961 1465 1130 1513 Articulus
1147 1463 1310 1510 temporis,
1345 1462 1469 1501 ſcilicet
1488 1466 1524 1500 in
1544 1464 1712 1500 Hamanis
1727 1458 1854 1499 acceſſu
1866 1463 1914 1501 ad
1923 1459 2155 1510 poſtulandam

958 1520 1154 1557 facultatem
1164 1521 1205 1556 de
1221 1520 1435 1555 Mardochæo
1448 1517 1706 1567 ſuspendendo:
1722 1519 1761 1556 ꝟ.
1771 1528 1809 1562 4.

902 1578 935 1611 ב.
968 1575 1127 1611 Admiſſio
1138 1576 1303 1609 Hamanis
1315 1573 1358 1608 ad
1368 1575 1514 1620 Regem:
1528 1574 1570 1609 ꝟ.
1584 1583 1626 1615 5.

902 1621 931 1669 נ.
956 1616 1178 1662 Interrogatio
1199 1615 1297 1663 Regis
1311 1617 1355 1651 de
1364 1615 1524 1653 beneficio
1538 1617 1673 1652 homini
1682 1614 1919 1663 conciliando,
1930 1626 2034 1662 quem
2045 1614 2146 1652 hono-

960 1683 1030 1707 rare
1039 1681 1171 1716 cuperet
1180 1673 1274 1709 Rex:
1284 1674 1322 1708 ꝟ.
1332 1674 1365 1707 6.
1378 1681 1411 1715 p.
1429 1680 1460 1705 I.

904 1729 938 1760 ד.
966 1721 1168 1769 Reſponſum
1176 1724 1351 1758 Hamanis.
1366 1725 1403 1757 In
1413 1733 1483 1769 quo
1493 1731 1630 1757 notetur

957 1786 995 1808 α.
1019 1769 1223 1818 Hypotheſis
1238 1768 1400 1816 reſponſi,
1415 1771 1509 1817 quod
1526 1769 1584 1806 ſibi
1600 1768 1807 1817 perſuaderet
1825 1771 1965 1807 Haman
1982 1770 2118 1818 Regem
2123 1764 2150 1814 de

1033 1823 1090 1858 ſua
1100 1821 1302 1856 exaltatione
1310 1822 1476 1867 cogitare:
1488 1823 1529 1859 ꝟ.
1539 1821 1571 1856 6.
1583 1830 1617 1866 p.
1634 1828 1667 1857 2.

960 1873 994 1913 β.
1018 1875 1132 1910 Sermo
1142 1871 1210 1919 ipſe
1222 1871 1428 1918 præſcribens

1016 1927 1046 1952 a.
1073 1918 1140 1951 Res
1155 1917 1192 1951 &
1206 1914 1409 1950 ceremonias
1421 1914 1467 1950 ad
1494 1914 1658 1950 materiam
1675 1908 1810 1963 honoris
1818 1911 2018 1961 ſpeƈtantes:
2028 1915 2067 1953 ꝟ.
2076 1924 2100 1959 7
2110 1918 2143 1955 8.

1016 1972 1051 2011 b.
1075 1968 1248 2006 Miniſtros
1257 1969 1301 2004 ad
1309 1981 1380 2005 eam
1390 1968 1637 2006 ſolemnitatem
1644 1967 1840 2016 eligendos:
1845 1972 1888 2008 ꝟ.
1898 1979 1931 2014 9.

835 2025 880 2061 C.
906 2021 958 2057 Ab
967 2019 1096 2056 honore
1107 2019 1323 2056 Mardochæo
1332 2028 1383 2064 per
1392 2019 1533 2054 modum
1541 2018 1825 2066 compenſationis

910 2073 944 2111 א.
971 2068 1170 2116 Adſtituto,
1199 2067 1283 2107 dum
1305 2064 1382 2103 Rex
1405 2073 1523 2102 omnia
1546 2061 1605 2101 illa
1628 2062 1770 2101 mandat
1794 2061 1888 2111 fieri,
1919 2074 1998 2109 quæ
2018 2056 2142 2108 Hman

969 2123 1197 2160 conſuluerat:
1208 2128 1250 2163 ꝟ.
1264 2133 1323 2160 10.

910 2174 942 2208 ב.
968 2168 1182 2209 Exſecutioni
1193 2181 1249 2218 per
1259 2168 1368 2219 ipſum
1380 2170 1568 2208 Hamanem
1576 2168 1759 2211 mandato:
1769 2172 1811 2210 ꝟ.
1830 2180 1886 2208 11.

2038 2219 2148 2255 D.A
