1752 2624
506 318 586 359 106

758 325 1155 368 PSALMVS
1183 305 1362 365 XXIII.

431 435 467 486 6

504 431 597 468 calix
615 440 718 468 meus
735 429 937 468 exuberans
956 429 1018 471 eſt.
1079 430 1148 470 Sed
1182 442 1219 470 et
1239 430 1377 469 bonitas
1395 440 1435 469 et
1453 428 1586 470 miſeri-

506 490 626 529 cordia
662 501 720 527 tua
747 489 1006 539 ſubſequentur
1043 501 1102 526 me
1136 490 1301 534 omnibus
1332 491 1457 530 diebus
1494 490 1588 535 vitae

504 555 625 579 meae,
663 551 697 574 et
730 543 896 576 habitabo
920 544 957 574 in
981 548 1092 585 domo
1116 543 1264 586 Domini
1298 539 1340 592 in
1361 529 1598 588 longitudine

499 615 653 654 dierum.

774 719 1306 777 Paraphraſis.

605 807 766 842 Dominus
782 798 876 838 paſcit
895 806 965 836 me,
989 805 1084 836 quare
1102 805 1179 838 nihil
1196 805 1333 838 vnquam
1352 794 1429 830 mihi
1447 796 1485 830 ad
1503 785 1587 831 bene

506 850 660 893 beateque
674 850 846 884 viuendum
864 852 976 886 deerit.
1032 851 1063 891 Is
1085 851 1245 886 conſtituit
1263 862 1315 886 me
1336 851 1369 886 in
1387 852 1505 896 paſcuis
1524 853 1584 886 lae-

503 902 622 933 tiſſimis
644 910 737 939 atque
755 901 982 940 pulcherrimis
998 898 1158 934 doctrinae
1178 900 1267 939 ſuae,
1294 902 1326 934 et
1341 890 1373 934 in
1389 894 1585 942 contempla-

503 955 592 985 tione
617 960 723 984 rerum
751 952 952 988 diuinarum,
994 951 1109 991 quibus
1135 947 1231 986 rebus
1259 947 1380 986 mentes
1406 950 1586 988 incredibili

503 1013 576 1033 cum
595 1004 759 1043 voluptate
777 1002 953 1042 paſcuntur.
1005 999 1141 1043 Propter
1171 1000 1343 1048 vberrimos
1367 995 1477 1048 fontes
1490 992 1586 1045 ſpiri-

503 1060 557 1086 tus
575 1053 689 1091 ſancti,
713 1059 747 1085 et
764 1052 974 1086 amoeniſſima
992 1051 1123 1087 flumina
1143 1044 1319 1087 litterarum
1344 1051 1517 1086 ſanctarum
1533 1061 1587 1094 pa-

502 1106 558 1138 ſcit
581 1105 633 1138 me
661 1103 800 1146 quibus
824 1103 854 1137 in
880 1103 957 1137 locis
979 1111 1056 1137 oues
1101 1103 1219 1140 Domini
1248 1096 1372 1139 aluntur
1399 1104 1437 1138 ad
1461 1105 1586 1139 beatam

502 1160 601 1194 vitam
628 1157 705 1193 lacte
732 1158 942 1198 abundantes,
988 1165 1020 1193 et
1047 1157 1154 1194 foetus
1177 1157 1409 1204 pulcherrimos
1439 1158 1583 1198 edentes.

502 1210 637 1243 Errabat
655 1208 777 1240 animus
798 1216 898 1248 meus,
924 1210 1017 1248 ſeque
1034 1218 1051 1240 a
1071 1206 1153 1242 recta
1173 1208 1300 1256 viuendi
1315 1207 1368 1241 via
1387 1200 1480 1254 longe
1498 1203 1586 1240 auer-

500 1269 602 1303 terat,
630 1270 703 1294 eum
724 1261 883 1294 Dominus
909 1261 1067 1294 conuertit
1091 1261 1131 1295 ab
1156 1261 1318 1295 erroribus
1342 1261 1532 1296 turbulentis
1552 1265 1584 1293 et

501 1314 642 1348 traduxit
675 1305 712 1349 ad
739 1305 991 1349 obſeruationem
1019 1311 1260 1361 praeceptorum
1287 1315 1435 1352 fuorum,
1468 1313 1584 1356 quibus

500 1366 606 1401 omnis
624 1363 827 1407 pulchritudo
845 1364 976 1399 virtutis
984 1365 1176 1404 continetur;
1200 1362 1298 1407 idque
1311 1365 1388 1399 fecit
1402 1362 1496 1407 nullis
1518 1374 1583 1397 me-

501 1417 572 1445 ritis
595 1413 697 1449 meis,
724 1409 780 1443 ſed
805 1419 936 1451 propter
963 1405 1116 1445 infinitam
1137 1409 1313 1444 bonitatem
1329 1410 1425 1450 ſuam.
1474 1408 1583 1452 Itaque

502 1465 654 1510 quicquid
677 1465 772 1507 mali,
818 1471 871 1498 aut
897 1476 1006 1508 parum
1037 1465 1160 1501 honeſti
1180 1477 1207 1500 a
1224 1476 1276 1501 me
1298 1465 1497 1502 commiſſum
1525 1465 1582 1510 eſt,

500 1519 533 1554 id
558 1527 653 1550 omne
681 1515 797 1561 aſſigno
821 1514 1079 1560 intemperantiae
1107 1524 1215 1556 meae;
1253 1515 1351 1561 ſiquid
1376 1524 1473 1551 autem
1495 1510 1582 1561 recte

505 1572 684 1619 cogitatum
700 1571 764 1617 eſt,
791 1572 811 1607 ſi
835 1573 908 1619 quid
923 1572 1051 1610 honeſte
1069 1574 1337 1616 adminiſtratum,
1361 1581 1467 1610 totum
1481 1576 1514 1610 id
1536 1586 1585 1610 re-

1509 1625 1581 1660 fero

609 1722 654 1764 git
674 1734 681 1753 a
695 1724 768 1756 Deo.
810 1724 909 1762 Itaque
923 1723 999 1757 calix
1009 1718 1034 1765 h.
1045 1725 1062 1756 l.
1084 1723 1222 1762 ſignificat
1240 1723 1380 1756 ſcientiam
1396 1733 1491 1755 rerum
1510 1723 1585 1756 diui-

608 1772 729 1798 narum,
753 1772 839 1801 quam
858 1775 899 1794 vir
914 1763 1024 1794 ſanctus
1037 1764 1084 1803 pie
1095 1759 1127 1795 ac
1142 1764 1258 1796 honeſte
1277 1765 1402 1796 viuendo
1418 1765 1584 1795 conſecutus

610 1815 668 1838 erat
724 1808 770 1837 Sic
790 1806 928 1841 Origenes
942 1814 1143 1845 interpretatur
1165 1806 1244 1838 hunc
1259 1807 1355 1838 locum
1369 1807 1401 1837 in
1414 1815 1585 1837 commenta-

606 1850 656 1875 riis
676 1848 799 1876 Mathaei.
845 1844 990 1876 Ceterum
1012 1844 1031 1875 ſi
1045 1845 1187 1884 loquatur
1206 1846 1316 1877 eccleſia
1334 1847 1366 1878 in
1386 1845 1442 1876 hoc
1462 1843 1580 1884 pſalmo,

606 1895 637 1913 vt
670 1890 805 1915 nonnulli
828 1892 955 1915 veterum
974 1886 1168 1921 arbitrantur,
1195 1894 1257 1915 non
1284 1885 1382 1915 minus
1400 1884 1582 1916 commodam

605 1932 831 1964 explanationem
859 1930 991 1958 adhibere
1018 1926 1138 1966 poteris,
1172 1936 1259 1965 atque
1276 1928 1346 1958 adeo
1371 1925 1582 1968 ſimpliciorem.

605 1972 750 2002 Habemus
764 1973 840 2002 enim
854 1971 1020 2009 Chriſtum,
1041 1972 1155 2006 Deum,
1176 1971 1333 2010 paſtorem,
1364 1969 1417 2011 qui
1432 1970 1495 2002 ſuas
1513 1980 1581 2001 oues

606 2018 687 2041 vocat
714 2015 885 2040 nominatim
907 2020 934 2041 et
956 2009 1051 2040 educit
1068 2019 1110 2040 eas
1126 2009 1161 2040 ad
1174 2008 1274 2051 paſcua
1295 2010 1453 2047 vberrima,
1475 2017 1502 2040 et
1516 2019 1583 2049 pro-

605 2061 668 2095 pter
686 2061 788 2091 aquam
809 2056 1032 2087 amoeniſſimam
1049 2054 1148 2087 educat
1163 2063 1234 2092 nos,
1255 2062 1270 2084 a
1287 2064 1344 2095 qua
1362 2055 1446 2087 etiam
1463 2055 1582 2087 renaſci-

606 2104 674 2127 mur
692 2095 727 2123 ad
743 2095 828 2126 vitam
847 2096 990 2126 coeleſtem
1007 2103 1034 2124 et
1051 2093 1169 2127 beatam.
1220 2095 1364 2128 Habemus
1378 2105 1405 2126 et
1419 2096 1515 2126 oleum
1529 2096 1582 2126 lae-

605 2141 683 2170 titise
705 2144 733 2167 et
757 2136 868 2167 calicem
899 2135 1029 2173 domini,
1067 2145 1094 2166 et
1107 2134 1232 2170 menſam
1248 2136 1323 2171 illam
1350 2138 1516 2180 myſticam,
1545 2135 1582 2168 ad

603 2187 693 2216 quam
709 2178 904 2209 accumbentes
923 2189 992 2218 pane
1007 2175 1117 2222 coeleſti
1132 2187 1160 2211 et
1170 2176 1263 2211 vitulo
1279 2177 1405 2221 ſaginato
1413 2179 1581 2214 ſaturamur.

606 2228 687 2261 Quae
704 2221 823 2262 quidem
839 2222 936 2253 omnia
956 2220 1123 2263 diligentius
1137 2219 1333 2263 perſequerer,
1365 2223 1386 2255 ſi
1408 2224 1481 2256 mihi
1503 2223 1582 2254 vide-

605 2271 706 2288 rentur
731 2260 938 2298 explanationis
956 2260 1100 2297 indigere,
1123 2266 1154 2287 ac
1168 2266 1229 2287 non
1247 2263 1346 2297 potius
1367 2265 1424 2289 tam
1438 2252 1584 2298 perſpicua

606 2310 680 2348 eſſe,
704 2318 734 2342 vt
748 2319 762 2340 a
779 2308 890 2351 quouis
907 2309 951 2343 vel
966 2303 1102 2351 imperito
1119 2308 1227 2352 poſſint
1246 2311 1328 2346 facile
1345 2309 1479 2352 intelligi.
