1774 2509
370 405 418 435 DE
428 408 470 437 IN
495 411 592 438 DIEM
624 409 853 441 ADDICTIONE.

1018 416 1101 453 329

168 483 215 522 do
232 483 403 523 venditor
419 487 477 524 ſibi
488 486 549 524 tali
560 486 640 525 caſu
657 485 736 525 ſatis
751 497 895 529 cautum
905 485 972 529 eſſe
982 499 1100 541 putet.

162 537 283 579 Modo
297 549 417 577 tamen
428 541 546 578 omnia
562 541 596 585 b.
604 540 630 582 f.
636 541 671 579 &
682 541 812 593 absque
830 542 1049 584 ſimulatione
1059 544 1098 584 fi-

165 599 239 635 ant,
252 590 285 630 d.
293 589 373 639 l.14.
392 603 437 644 pr.
449 595 481 634 h.
492 608 520 640 t.

216 670 253 713 §.
260 667 326 709 IV.
341 666 472 709 Adlata
482 669 629 712 meliore
638 672 846 711 conditione
856 674 1026 713 venditor
1036 684 1099 715 ne-

164 718 255 758 ceſſe
272 719 397 762 habet,
419 730 465 758 vt
478 722 632 770 priorem
648 733 826 762 emtorem
844 727 1034 765 certiorem
1050 725 1101 766 fa-

164 767 245 812 ciat,
260 778 352 820 quo,
368 768 392 806 ſi
401 773 484 821 quid
495 770 582 809 alius
592 772 730 815 adiicit,
747 775 813 812 ipſe
824 785 950 812 quoque
956 775 1099 814 adiicere

161 823 269 864 poſſit,
270 822 340 859 l.8.
357 831 423 870 h.t.
446 832 623 879 competit
647 841 743 877 enim
763 837 821 877 ipſi
848 835 981 891 ſpecies
997 849 1097 890 quæ-

158 865 245 920 dam
259 876 346 918 iuris
361 871 597 925 protimiſeos.
649 875 685 912 Si
700 889 777 916 vero
796 877 883 915 idem
890 885 1030 922 adiicere
1045 891 1101 916 re-

160 922 265 973 cuſat,
282 927 422 975 integer
436 926 639 967 contractus
649 930 842 969 reſoluitur
849 942 931 969 cum
945 934 1095 985 pignore

160 965 304 1017 interim
321 977 436 1018 forſan
454 972 675 1024 conſtituto,
687 982 716 1022 l.
725 994 761 1027 4.
777 985 853 1028 §.3.
864 986 899 1023 h.
915 994 941 1023 t.
959 986 1098 1025 fructus

160 1020 397 1068 reſtituuntur
408 1040 481 1067 non
490 1025 643 1075 ſecundo
654 1038 798 1076 emtori,
815 1040 865 1083 ſed
873 1039 1065 1080 venditori,
1075 1042 1097 1085 l.

160 1079 195 1136 6.
195 1079 259 1136 pr.
259 1080 283 1130 l.
283 1080 336 1130 16.
336 1081 384 1138 h.
384 1085 411 1136 t.
420 1085 529 1138 (quod
544 1082 704 1143 poſterius
721 1093 826 1129 etiam
837 1092 914 1133 fieri
924 1092 1042 1138 debet,
1053 1095 1094 1132 li-

160 1145 221 1174 cet
229 1138 324 1186 prior
335 1147 452 1177 emtor
461 1137 659 1179 adiiciendo
668 1141 719 1186 id,
736 1143 832 1193 quod
848 1148 974 1184 tertius
985 1147 1094 1184 obtu-

158 1182 259 1234 lerat,
272 1200 348 1229 rem
358 1188 566 1236 retinuerit;
591 1184 689 1245 prior
696 1198 789 1235 enim
803 1195 1005 1237 contractus
1016 1199 1096 1249 pla-

150 1260 205 1288 ne
221 1253 457 1301 extinguitur,
473 1255 533 1292 l.6.
547 1254 606 1301 §.1.
621 1249 716 1298 h.t.)
742 1260 839 1297 vnde
858 1259 947 1302 DD.
968 1262 1095 1304 dicunt

159 1297 381 1336 contractum
398 1299 525 1338 reſolui
543 1313 584 1338 ex
592 1310 683 1343 tunc,
697 1314 771 1342 non
780 1305 821 1342 ex
835 1309 953 1348 nunc,
957 1306 1004 1344 de
1019 1314 1094 1358 quo

162 1363 201 1393 v.
217 1352 274 1408 vſ.
278 1349 387 1411 pract.
398 1355 472 1413 diſt.
479 1358 514 1400 h.
522 1372 550 1400 t.
560 1355 638 1414 diſt.
648 1356 668 1404 I.

208 1421 240 1461 §.
245 1419 295 1459 V.
311 1418 345 1460 E
357 1409 531 1471 contrario
549 1422 674 1471 autem,
691 1424 715 1459 ſi
725 1418 881 1466 ſecundo
891 1426 1020 1464 emtori
1031 1436 1088 1465 res

158 1463 361 1516 addicitur,
393 1473 562 1511 venditor
579 1474 729 1525 pretium
745 1487 817 1512 cum
832 1477 941 1525 vſuris
963 1478 996 1512 &
1015 1487 1094 1530 quæ

159 1514 260 1564 prior
268 1528 386 1560 emtor
394 1526 512 1561 medio
528 1533 690 1573 tempore
699 1528 868 1575 neceſſario
882 1530 1088 1578 probauerit

157 1584 312 1623 erogata
325 1580 511 1623 reſtituere
528 1590 692 1623 tenetur,
707 1587 731 1623 l.
743 1588 786 1622 16.
805 1585 876 1627 h.t.
893 1584 1092 1625 Brunnem.

157 1617 204 1654 ad
217 1622 279 1665 l.6.
293 1628 359 1668 h.t.
372 1645 407 1672 n.
406 1641 450 1680 3.
463 1642 582 1673 omnia
594 1643 689 1673 enim
701 1643 737 1671 in
753 1634 939 1681 priſtinum
957 1637 1090 1681 ſtatum

156 1670 388 1715 reducuntur.

209 1739 246 1780 §.
269 1737 318 1778 VI.
334 1740 391 1780 Ex
399 1741 505 1794 pacto
513 1740 719 1782 addictionis
726 1754 763 1789 in
775 1751 867 1787 diem
876 1758 993 1792 oritur
1001 1761 1086 1796 actio

150 1783 362 1834 perſonalis,
386 1805 484 1837 vnde
507 1804 677 1839 venditor
698 1815 824 1841 contra
838 1815 984 1847 tertium
1004 1802 1087 1846 poſ-

157 1832 336 1882 ſeſſorem,
364 1845 399 1896 in
421 1856 528 1892 quem
556 1849 674 1895 forſan
696 1867 814 1893 emtor
839 1854 972 1899 primus
1001 1866 1085 1895 pen-

156 1890 263 1931 dente
279 1895 486 1935 conditione
508 1912 584 1946 rem
597 1917 810 1952 transtulit,
848 1911 998 1955 experiri
1024 1919 1091 1952 ne-

119 1950 247 1996 quit,
266 1953 287 1989 ſi
300 1953 429 1992 ſcilicet
449 1956 654 2005 paciſcentes
671 1959 782 2010 verbis
782 1961 928 2012 obliquis
940 1964 1001 2014 vſi,
1012 1970 1088 2010 quæ

146 1995 279 2044 factum
286 2003 396 2051 primi
401 2016 535 2045 emtoris
546 2017 581 2048 in
591 2007 806 2049 reſolutione
822 2012 1026 2050 contractus
1034 2025 1092 2050 re-

154 2054 306 2101 quirunt,
313 2065 350 2091 v.
360 2066 394 2104 g.
403 2066 447 2093 vt
460 2068 515 2094 res
531 2058 706 2102 reddatur,
719 2059 924 2109 reſtituatur,
934 2064 999 2100 &c.
1026 2063 1088 2101 Se-

154 2111 219 2136 cus
234 2113 321 2149 ergo
341 2111 411 2156 eſt,
426 2119 450 2155 ſi
460 2106 564 2164 verba
574 2109 706 2166 directa
722 2113 863 2164 adſunt,
882 2126 949 2164 tale
952 2123 1092 2180 factum

590 2169 671 2220 X5

1029 2182 1083 2216 non
