2415 2790
297 451 541 484 numerantur
558 435 653 493 octo
668 441 895 494 potiſſimum.
925 439 1039 479 Primo
1050 439 1141 475 Ioco
1152 444 1262 476 erant
1279 437 1474 476 Curiones,
1484 443 1549 483 qui
1557 443 1644 482 pro-

298 503 498 543 curialibus
508 512 581 539 rem
593 499 755 541 divinam
766 497 974 538 faciebant:
990 494 1166 539 Secundo
1181 490 1372 549 Flamines,
1391 504 1470 544 quos
1489 491 1549 530 vel
1559 495 1578 528 à
1590 487 1645 541 pi-

299 550 371 591 ctis
382 549 575 595 flammeis,
585 551 673 590 vel
657 548 663 597 à
685 549 756 588 filis
766 547 857 585 circa
866 553 1032 597 tempora
1043 542 1188 588 ductis,
1200 543 1304 593 quaſi
1315 543 1498 581 filamines
1515 541 1646 590 appel-

296 604 427 642 labant:
462 603 581 646 Tertio
589 602 753 642 Tribuni
761 600 933 638 Celerum,
962 598 1029 649 qui
1040 596 1211 638 ſatellites
1227 603 1330 635 erant
1354 599 1370 634 &
1389 593 1563 633 cuſtodes
1571 596 1642 631 Re-

298 649 396 698 gum
396 648 446 696 ad
456 648 548 689 bella
558 649 896 704 proficiſcentium:
905 650 1053 695 Quarto
1063 657 1225 694 augures,
1252 648 1321 691 qui
1331 648 1506 692 garritum
1518 647 1646 677 avium

302 704 337 736 &
345 696 447 749 ſigna
458 696 635 742 divinitus
643 701 746 743 miſſa
752 702 1107 746 interpretabantur:
1124 700 1274 744 Quinto
1285 701 1456 742 Virgines
1465 697 1645 733 Veſtales,

299 748 435 798 quibus
446 750 544 802 ignis
552 753 651 791 Sacri
661 750 823 789 cuſtodia
832 747 911 797 (ubi
920 750 994 788 DEI
994 750 1139 787 ſimiam
1153 751 1329 783 Diabolus
1342 752 1419 792 egit
1427 750 1555 791 ignem
1565 746 1649 789 per-

297 809 464 850 petuum,
474 803 583 843 radiis
597 802 779 853 ſolaribus
786 809 843 855 per
857 798 1047 851 ſpeculum
1057 803 1259 837 cauſticum
1267 804 1308 834 in
1316 806 1468 835 materia
1479 799 1576 834 uſtili
1586 809 1647 831 ac-

303 852 460 895 cenſum,
474 857 651 892 Romanis
660 851 911 890 aſſervandum
920 848 1090 896 tradens)
1103 859 1181 885 erat
1189 854 1423 885 concredita:
1439 857 1551 884 Sexto
1561 851 1649 883 Salii

295 902 426 942 Martis
437 903 668 945 Sacerdotes,
678 901 743 951 qui
751 896 844 940 ſaltu
861 902 883 938 &
891 892 1043 937 choreis
1054 900 1158 936 Deos
1168 906 1355 937 armorum
1371 903 1535 934 Præſides
1551 905 1649 930 cele-

298 950 473 993 brabant:
489 957 653 1005 Septimo
661 953 833 994 feciales,
843 960 1004 1001 quorum
1016 950 1179 987 officium
1190 958 1266 985 erat
1275 958 1412 989 curare,
1423 960 1471 981 ne
1481 953 1650 994 populus

296 1009 492 1049 Romanus
502 1008 569 1048 ulli
579 1007 763 1047 fœderatæ
769 1006 909 1046 civitati
919 1005 1061 1044 bellum
1070 1004 1248 1052 injuſtum
1259 1004 1422 1044 inferret,
1435 1008 1468 1038 &
1478 1012 1519 1037 ut
1530 1009 1650 1048 Impe-

296 1073 453 1105 ratorum
472 1065 597 1114 (belli)
611 1056 746 1112 delicta
767 1072 882 1102 contra
886 1057 1154 1109 jusjurandum
1166 1063 1198 1099 &
1211 1057 1347 1098 fœdera
1356 1058 1539 1096 commiſſa
1552 1056 1653 1106 expi-

299 1123 428 1158 arent:
444 1115 596 1156 Octavo
614 1111 809 1154 Pontifices
829 1114 1017 1161 (quorum
1037 1109 1177 1161 primus
1201 1117 1277 1146 erat
1302 1112 1424 1149 Ancus
1448 1108 1654 1153 Martius)
1636 1108 1658 1158 à

299 1173 419 1214 ponte
432 1163 608 1206 ſublicio,
622 1162 683 1202 vel
698 1160 848 1218 ligneo,
866 1160 976 1209 cujus
989 1162 1185 1210 reparandi
1197 1170 1281 1197 cura
1295 1162 1381 1208 ipſis
1398 1164 1654 1198 incumbebat,

300 1210 407 1257 dicti,
418 1214 483 1263 qui
491 1210 541 1251 de
548 1214 775 1251 ceremoniis
794 1218 832 1248 ac
836 1215 1035 1260 religione
1051 1214 1352 1261 cognoſcebant,
1368 1218 1475 1255 leges
1485 1216 1532 1241 de
1548 1215 1654 1262 ſacris

300 1275 383 1305 non
390 1266 526 1317 ſcriptis
535 1275 601 1305 aut
625 1261 772 1305 moribus
791 1266 919 1318 populi
946 1267 1087 1317 Romani
1106 1267 1278 1315 ferebant,
1292 1269 1500 1298 Sacerdotes
1512 1265 1654 1295 exami-

298 1313 441 1354 nabant,
468 1315 536 1354 ipſi
559 1315 644 1367 nulli
654 1315 803 1367 judicio,
819 1324 879 1365 aut
899 1319 1009 1353 multæ
1022 1318 1203 1349 ſuberant,
1213 1328 1338 1355 neque
1347 1322 1514 1345 Senatui,
1526 1328 1655 1352 neque

300 1366 467 1410 populo
464 1362 663 1415 dictorum,
663 1362 930 1420 factorumque
954 1367 1125 1420 rationem
1142 1368 1362 1403 reddebant.
1380 1372 1436 1400 De
1453 1370 1591 1411 quibus
1602 1370 1657 1399 vi-

302 1403 380 1435 deri
402 1399 539 1454 poſſunt
547 1405 670 1456 Livius
686 1405 717 1437 I.
726 1408 773 1437 18.
786 1410 934 1461 Florus
949 1417 976 1424 I.
987 1408 1022 1456 2.
1039 1413 1196 1463 Solinus
1200 1421 1270 1459 c.2.
1290 1417 1469 1471 Valerius
1477 1423 1657 1471 Max.1.2.

302 1457 462 1502 Ovidius
478 1457 725 1511 Metamorph.
747 1465 803 1502 15.
821 1464 921 1497 Inter
939 1463 1126 1495 citeriores
1140 1468 1302 1505 Jacobus
1319 1473 1506 1524 Pontanus
1521 1473 1657 1522 Jeſuita

300 1512 343 1552 in
353 1512 736 1566 progymnaſmatibus
746 1518 889 1552 volum.
898 1519 993 1549 tertii
1003 1527 1108 1560 parte
1119 1521 1281 1547 ſecunda
1290 1533 1399 1556 prog.
1413 1534 1471 1551 14.

350 1571 426 1610 Th.
444 1583 476 1617 3.
491 1567 561 1608 Sed
570 1576 782 1619 temporum
789 1571 992 1618 progreſſu,
1001 1573 1192 1615 præſertim
1201 1584 1387 1612 quantum
1397 1580 1446 1626 ad
1453 1587 1657 1624 numerum

300 1623 439 1671 eorum,
453 1622 508 1674 qui
523 1623 627 1663 ſacris
635 1623 860 1672 ſerviebant,
871 1632 936 1674 non
950 1632 1067 1669 pauca
1080 1628 1328 1673 mutabantur.
1342 1633 1418 1672 Imò
1428 1632 1655 1676 Pontificiam

303 1672 521 1724 dignitatem
532 1675 553 1711 à
560 1674 647 1725 Julii
656 1673 802 1712 Cæſaris
808 1677 1044 1721 temporibus
1054 1678 1100 1706 ad
1111 1680 1343 1718 Imperatoris
1353 1682 1608 1730 Gratiani(qui
1619 1684 1657 1727 ſe

303 1724 414 1764 titulo
427 1725 609 1765 Pontificis
621 1726 823 1773 abdicavit)
836 1732 1018 1773 tempora,
1027 1730 1044 1774 &
1063 1729 1110 1758 ſic
1120 1735 1186 1768 per
1203 1739 1323 1773 annos
1335 1743 1415 1783 400.
1433 1741 1561 1780 præter
1569 1744 1658 1788 pro-

302 1787 383 1827 pter
392 1777 616 1818 ſuſtinebant
622 1779 1048 1826 ImperatoresRomani,
1055 1788 1087 1828 ut
1095 1781 1204 1811 riſum
1213 1781 1579 1822 debeantScriptores
1588 1786 1657 1813 illi,

305 1828 371 1877 qui
391 1828 515 1877 primos
535 1827 717 1885 Epiſcopos
738 1835 776 1865 R.
784 1838 854 1877 per
864 1841 937 1874 300.
948 1841 1069 1862 annos
1088 1832 1129 1861 in
1137 1835 1290 1864 Eccleſia
1301 1837 1510 1871 Martyrum
1521 1842 1659 1889 conſti-

304 1888 421 1922 tutos,
430 1889 522 1916 oves
533 1882 790 1924 mactationis,
806 1883 1025 1917 Pontificum
1035 1885 1288 1931 Romanorum
1306 1889 1416 1938 titulo
1433 1891 1608 1938 ſalutant.

356 1929 432 1966 Th.
443 1931 484 1974 4.
495 1929 605 1970 Quos
617 1936 695 1970 dies
706 1936 818 1968 feſtos
833 1938 945 1966 ſtatos
959 1934 1030 1972 (de
1047 1940 1277 1981 conceptivis
1294 1942 1414 1988 enim,
1429 1944 1659 1996 imperativis

308 1989 333 2024 &
353 1975 642 2030 nundinalibus,
653 1989 710 2024 uti
733 1992 751 2021 &
768 1989 939 2033 privatis,
957 1995 1138 2017 certarum
1152 1991 1375 2016 familiarum
1387 1997 1547 2026 propriis,
1577 1998 1658 2021 jam

306 2035 390 2077 non
400 2033 578 2086 agimus)
583 2038 723 2086 quibus
733 2040 924 2077 menſibus
940 2044 975 2072 &
991 2040 1176 2072 menſium
1192 2042 1324 2069 diebus
1334 2045 1583 2082 adſcripſerint,
1612 2055 1659 2064 ex

306 2081 478 2141 ſequenti
488 2085 626 2136 συνόψϵι
636 2096 860 2142 cognoſcere
870 2096 968 2125 licet.
999 2096 1033 2121 In
1039 2098 1216 2134 Januario
1232 2100 1357 2121 menſe
1374 2101 1434 2121 die
1452 2113 1483 2131 9.
1502 2101 1661 2120 celebra-

305 2149 444 2190 bantur
453 2147 654 2199 Agonalia,
654 2147 731 2197 die
731 2148 794 2196 11.
808 2147 1068 2191 Carmentalia.
1095 2153 1137 2187 In
1154 2150 1353 2186 Februario
1365 2153 1425 2184 die
1442 2157 1496 2187 15.
1515 2152 1661 2191 Luper-

308 2201 420 2248 calia,
430 2197 491 2240 die
504 2206 560 2238 17.
572 2195 804 2250 Quirinalia,
820 2205 881 2239 die
888 2205 934 2241 21.
934 2205 1109 2240 Feralia,
1124 2207 1185 2235 die
1195 2211 1247 2243 23.
1259 2205 1500 2234 Terminalia,
1518 2203 1604 2239 dies
1604 2217 1661 2238 24.

309 2251 441 2294 dicitur
451 2245 714 2304 Regifugium,
728 2258 789 2292 die
799 2262 854 2295 27.
864 2256 1026 2300 Equiria.
1052 2261 1183 2290 Menſe
1201 2260 1338 2285 Martio
1351 2259 1411 2281 die
1429 2262 1480 2284 15.
1498 2260 1661 2283 celebra-

307 2301 442 2363 bantur
461 2302 602 2347 iterum
616 2303 791 2355 Equiria,
804 2311 864 2346 die
886 2314 937 2347 17.
952 2310 1159 2350 Liberalia,
1177 2316 1238 2343 die
1254 2317 1311 2344 19.
1341 2313 1366 2335 &
1375 2309 1476 2350 ſeqq.
1510 2313 1665 2356 duobus
