2274 2745
604 555 813 594 CONTRA
813 555 998 594 CELEB.
998 555 1370 594 KENNICOTVM.

1532 549 1632 589 XXV

320 638 476 680 ſtructum
482 634 577 681 fuiſſe
592 638 625 668 in
640 642 744 667 monte
755 633 849 674 Ebal,
865 630 926 679 ſed
937 644 1034 681 prope
1053 637 1214 677 Garizim,
1231 649 1314 669 nunc
1329 649 1435 670 autem
1458 633 1623 671 dicendum

322 689 393 731 eſſe,
411 700 479 718 eum
495 688 642 731 ſtatuere,
662 685 741 718 illud
748 683 846 733 fuiſſe
859 686 1048 725 exſtructum
1066 690 1098 719 in
1113 697 1217 722 monte
1239 689 1322 723 Ebal.
1349 691 1393 722 At
1411 689 1500 722 enim
1522 689 1554 735 I)
1571 699 1624 720 ne-

322 751 382 775 go,
402 740 510 779 ipſum
526 728 723 775 adfirmaſſe,
749 733 852 767 altare
866 726 961 784 fuiſſe
976 743 1075 781 prope
1086 736 1252 775 Garizim;
1280 739 1361 769 dixit
1374 741 1496 783 potius,
1514 742 1624 770 locum

317 788 464 819 habuiſſe
480 789 564 817 inter
577 781 679 816 ambos
694 792 821 816 montes.
852 781 887 827 2)
905 775 1067 835 Quamuis
1085 781 1224 831 Ioſephus
1240 786 1379 821 ſubinde
1394 788 1450 820 ſibi
1469 799 1535 819 non
1547 800 1621 819 con-

316 842 391 875 ſtet,
408 834 498 880 quod
512 831 572 869 vel
590 848 627 869 ex
642 834 829 870 narratione
845 834 914 883 ejus
943 838 982 870 de
1002 845 1154 884 tempore
1172 837 1295 871 conditi
1313 839 1428 885 templi
1447 839 1625 875 Garizimi-

315 892 390 923 tani.
417 895 455 924 A.
472 889 552 925 I.L.
583 899 632 925 II.
652 898 672 920 c.
688 891 718 928 8.
735 883 763 935 §.
781 898 815 935 4.
834 888 959 939 oppido
980 889 1191 937 intelligitur;
1210 902 1295 936 nego
1312 901 1439 931 tamen,
1465 892 1546 944 quod
1566 894 1621 928 hic

317 938 428 973 ſecum
447 944 590 988 pugnet,
622 935 773 985 dicatque
803 937 903 973 altare
932 929 1131 976 exſtructum
1156 938 1251 976 fuiſſe
1278 943 1311 975 in
1328 936 1386 990 ipſo
1408 950 1513 975 monte
1534 944 1619 978 Ebal.

314 985 467 1040 Quod
436 994 470 1037 vt
486 1002 603 1037 pateat,
625 992 833 1030 inſpiciamus
857 993 950 1044 ipſa
948 993 1040 1040 verba
1055 993 1177 1045 Ioſephi.
1206 997 1295 1032 Cum
1313 995 1354 1031 de
1377 993 1428 1031 ſex
1450 994 1616 1039 tribubus,

307 1044 405 1088 ſuper
425 1031 539 1075 monte
559 1033 703 1077 Garizim
721 1040 852 1084 locatis,
871 1041 1036 1088 loquitur;
1063 1053 1136 1076 tum
1155 1040 1214 1076 ait:
1243 1055 1312 1086 επι
1335 1055 1395 1084 μεν
1422 1056 1466 1077 τω
1489 1041 1618 1095 Ταϱιϛει

315 1102 393 1135 οϱει;
419 1102 518 1137 atque
535 1092 655 1124 eodem
681 1092 802 1133 modo,
831 1103 909 1126 cum
924 1092 964 1126 de
981 1091 1032 1127 ſex
1054 1092 1207 1129 tribubus
1226 1091 1323 1142 ſuper
1340 1105 1454 1128 monte
1467 1092 1543 1130 Ebal
1549 1085 1619 1131 ver-

316 1146 356 1183 ba
373 1146 461 1191 facit,
478 1147 571 1182 dicit:
607 1153 614 1183 ε
629 1163 656 1183 π
656 1163 676 1183 ι
705 1146 737 1183 δε
753 1163 799 1183 τω
822 1145 970 1185 Γιϡαλω.
1024 1153 1127 1187 Nunc
1146 1163 1225 1185 vero
1243 1150 1349 1186 ſtatim
1372 1150 1513 1199 ſubjicit:
1551 1165 1566 1185 εν
1593 1165 1616 1184 ῳ

314 1205 371 1228 ϰαι
388 1196 500 1236 βωμον
520 1203 591 1246 εϛη.
645 1192 760 1247 Quodſi
787 1193 931 1230 indicare
946 1194 1095 1230 voluiſſet
1111 1193 1258 1243 Ioſephus,
1278 1196 1378 1229 altare
1394 1200 1427 1229 in
1443 1196 1503 1244 ipſo
1526 1187 1617 1233 Ebale

314 1240 526 1280 conſtitutum
544 1241 657 1278 fuiſſe:
682 1255 755 1278 tum
782 1245 872 1279 haud
889 1245 989 1279 dubie
1015 1246 1126 1280 denuo
1147 1244 1289 1288 dixiſſet;
1317 1246 1370 1291 εΦ
1379 1251 1414 1293 ῳ
1422 1257 1477 1280 ϰαι
1503 1245 1616 1290 βωμον

315 1293 390 1326 εϛη,
414 1296 508 1333 quod
525 1304 606 1320 vero
625 1303 692 1320 non
710 1292 806 1331 fecit,
832 1291 887 1323 ſed
905 1290 1181 1323 conſtructionem
1200 1291 1361 1332 mutauit,
1378 1281 1551 1326 manifeſto
1568 1291 1615 1325 in-

315 1349 418 1388 dicio,
439 1356 516 1380 eum
543 1357 610 1379 non
627 1345 761 1382 voluiſſe
778 1345 904 1388 dicere,
924 1345 1013 1393 quod
1031 1345 1130 1381 altare
1146 1344 1289 1395 poſitum
1308 1345 1410 1382 fuerit
1428 1350 1461 1382 in
1483 1345 1558 1398 ipſo,
1565 1344 1618 1396 ſu-

304 1406 366 1440 per
388 1396 448 1441 ipſo
465 1405 592 1441 monte,
618 1396 676 1437 ſed
691 1401 784 1433 juxta
801 1408 893 1437 eum,
906 1406 1002 1445 prope
1016 1393 1122 1446 ipſum,
1129 1397 1238 1444 ſtatim
1256 1397 1302 1433 ad
1315 1397 1457 1433 radicem
1472 1412 1551 1446 ejus,
1574 1399 1618 1433 ita

313 1457 349 1480 vt
369 1437 427 1491 ipſi
442 1438 621 1483 imminere
641 1437 821 1481 videretur.
849 1446 900 1477 Sic
917 1445 1020 1489 igitur
1035 1445 1175 1493 Ioſephus
1196 1446 1255 1479 ſibi
1276 1459 1343 1481 non
1364 1446 1410 1479 eſt
1425 1445 1617 1480 contrarius.

312 1488 422 1524 Modo
442 1480 529 1522 enim
549 1482 730 1528 referebat,
757 1485 859 1522 altare
874 1494 963 1522 inter
987 1497 1158 1534 vtrumque
1180 1488 1316 1524 montem
1337 1490 1501 1531 exſtitiſſe,
1528 1500 1617 1522 nunc

312 1547 394 1572 vero
411 1536 515 1581 magis
533 1535 749 1571 determinate
768 1537 864 1584 dicit,
884 1535 987 1575 altare
1008 1531 1097 1575 prope
1110 1538 1187 1575 Ebal
1198 1539 1342 1585 poſitum
1361 1539 1476 1580 fuiſſe;
1490 1542 1531 1574 vt
1531 1540 1615 1574 adeo

313 1599 398 1614 vnus
415 1588 504 1611 locus
521 1583 661 1613 alterum
682 1579 855 1616 confirmet
866 1578 972 1629 atque
987 1573 1133 1617 illuſtrer.

465 1639 490 1683 §.
516 1636 636 1671 XXIV.
661 1636 792 1670 Verum
807 1631 896 1669 aliud
911 1634 1078 1683 praeterea
1097 1634 1151 1676 eſt,
1175 1634 1266 1685 quod
1287 1638 1324 1672 V.
1338 1639 1378 1673 D.
1393 1633 1551 1680 offendit,
1579 1646 1618 1672 ex

315 1699 383 1735 quo
399 1684 495 1720 ſimul
511 1684 693 1728 concludit,
719 1683 835 1737 Ioſephi
856 1696 980 1721 textum
998 1698 1015 1721 a
1032 1684 1213 1722 recentiore
1229 1686 1352 1722 Iudaeo
1383 1685 1477 1724 valde
1507 1700 1617 1723 corru-

316 1754 414 1794 ptum
433 1741 497 1780 eſſe
542 1744 627 1782 Illud
647 1743 761 1782 ſcilicet
786 1741 840 1795 (p.
859 1739 930 1793 64.)
949 1743 1042 1793 quod
1055 1743 1220 1782 vaniſſime
1237 1744 1442 1791 adfirmetur,
1463 1743 1620 1797 Ioſephum

315 1795 501 1841 tradidiſſe,
520 1798 644 1832 Leuitas
660 1804 691 1832 et
698 1793 879 1845 ſacerdotes
900 1800 933 1833 in
950 1795 1055 1833 eodem
1074 1805 1177 1835 monte
1184 1796 1302 1847 ſtetiſſe,
1318 1797 1374 1844 qui
1388 1808 1498 1834 tamen
1512 1797 1558 1846 (p.
1570 1807 1616 1844 73

318 1847 399 1893 ſqq.)
420 1848 454 1878 in
477 1854 591 1880 monte
609 1847 753 1882 Garizim
767 1846 878 1883 locum
893 1845 1079 1882 habuerint.
1108 1850 1196 1882 Cum
1214 1861 1293 1883 vero
1307 1849 1343 1882 hi
1353 1846 1511 1884 ſacrificiis
1527 1860 1619 1896 prae-

318 1901 440 1938 ſtandis
458 1896 623 1941 deſtinati,
640 1897 801 1945 vniceqne
816 1897 954 1934 miniſtri
970 1899 1077 1935 altaris
1092 1897 1254 1936 conſtituti
1276 1897 1420 1941 fuerint;
1448 1895 1560 1949 ſequi,
1583 1909 1618 1934 vt

318 1949 361 1984 in
369 1946 599 1994 Garizim,
546 1946 595 1999 vbi
614 1948 787 1985 ſtationem
800 1946 985 1994 habebant,
1002 1947 1267 1995 ſacrificauerint,
1299 1950 1501 1998 ibidemque
1517 1951 1619 1991 altare

317 1995 572 2032 aedificauerint.
624 1999 669 2031 At
694 1993 783 2028 bona
802 2004 855 2027 res
880 1995 934 2030 eſt.
962 1996 1040 2031 Fuit
1062 1994 1198 2029 omnino
1215 1994 1319 2030 tribus
1340 1995 1501 2038 Leuitica,
1528 1989 1620 2032 textu

318 2046 409 2081 ſacro
425 2052 620 2091 praeeunte,
644 2046 736 2079 monti
749 2040 897 2080 Garizim
912 2046 947 2081 in
964 2047 1028 2081 hoc
1043 2041 1118 2081 actu
1141 2043 1286 2088 addicta,
1313 2045 1375 2091 ſed
1394 2046 1530 2082 delectus
1548 2051 1617 2096 qui-

317 2098 393 2126 dam
412 2094 597 2124 Leuitarum
620 2101 769 2123 numerus
794 2092 829 2123 in
850 2095 929 2128 valle
953 2098 1037 2126 inter
1059 2094 1136 2126 duos
1157 2099 1275 2124 montes
1298 2088 1478 2139 conſiſtebat,
1496 2091 1617 2139 partim

317 2146 409 2191 apud
424 2153 533 2179 arcam
548 2142 622 2186 Dei,
637 2142 731 2192 quod
749 2141 818 2192 ipſe
834 2146 871 2180 V.
887 2149 928 2181 D.
943 2146 1101 2188 concedit,
1118 2143 1235 2192 partim
1252 2144 1293 2179 ad
1309 2143 1418 2188 altare,
1433 2144 1523 2181 haud
1541 2158 1618 2196 pro-

320 2198 373 2233 cul
389 2195 429 2231 ab
445 2194 537 2234 Ebale
550 2193 679 2233 diſtans.
713 2198 756 2233 Et
772 2195 836 2231 hoc
847 2188 917 2240 eſt,
944 2197 1036 2246 quod
1052 2198 1084 2233 h.
1101 2198 1119 2233 l.
1135 2196 1302 2234 adſeuerat
1318 2193 1474 2248 Ioſephus,
1497 2197 1617 2240 dicens,

325 2248 440 2295 Ioſuam
468 2243 663 2282 conſtituiſſe
678 2247 720 2283 ad
743 2238 865 2283 Ebalem
886 2257 979 2285 aram
1009 2258 1041 2282 et
1064 2245 1190 2292 generis
1215 2245 1335 2281 leuitici
1360 2258 1391 2283 et
1412 2245 1617 2284 ſaeerdotalis

320 2299 490 2335 homines,
517 2294 575 2342 qui
592 2293 686 2330 ſacris
702 2303 929 2345 operarentur.
956 2297 1172 2336 Conſentiunt
1187 2295 1267 2330 haec
1281 2306 1358 2332 cum
1383 2296 1440 2342 iis,
1462 2307 1546 2346 quae
1564 2291 1618 2333 ſu-

320 2366 382 2405 pra
405 2353 447 2391 ad
461 2347 575 2405 Ioſephi
589 2351 608 2389 l.
624 2364 659 2401 4.
681 2367 706 2389 c.
725 2360 755 2396 8.
773 2355 797 2400 §.
813 2362 874 2400 44.
898 2351 1095 2404 ſcripſimus.

1009 2409 1047 2442 D

1474 2404 1629 2449 §.XXV.
