2271 2746
860 494 925 543 42

646 572 836 607 Translatione

870 560 962 602 cum
981 548 1207 608 transferre,
1224 546 1328 600 unde
1341 545 1589 595 inſcriptionis
1607 533 1780 597 formula
1792 535 1959 585 maxime

869 618 992 662 evadit
1009 620 1219 675 perſpicua:

1181 675 1333 714 VETO.
1361 674 1634 726 RELIQUIAS.
1490 726 1546 730 RELIQUIAS.

874 737 1137 777 VIRGILIVS:
1157 742 1222 793 (a)

936 787 1015 831 Nec
1024 786 1153 834 patris
1168 778 1322 832 Anchiſæ
1338 787 1476 829 cineres
1503 781 1705 838 Manesque
1722 781 1859 825 revelli.

872 866 958 898 Sine
973 849 1132 898 ſepulcri
1166 850 1291 901 itaque
1323 854 1527 897 violatione
1552 848 1740 900 ejusmodi
1773 847 1963 896 translatio

873 913 1027 964 humati
1049 911 1239 968 cadaveris
1261 905 1393 956 ſuſcipi
1419 917 1498 961 non
1529 916 1687 956 poterat.
1775 896 1825 947 Ita
1860 906 1965 946 enim

873 983 973 1018 Lex:
986 982 1051 1030 (b)
1079 980 1173 1018 Divi
1192 979 1349 1019 Fratres
1364 975 1474 1019 edicto
1495 977 1717 1020 monuerunt,
1729 979 1773 1007 ne
1782 966 1888 1019 juſtæ
1899 970 1965 1024 ſe-

864 1029 1026 1074 pulturæ
1042 1026 1234 1075 traditum,
1251 1037 1274 1071 i.
1284 1047 1317 1069 e.
1338 1036 1445 1070 terra
1473 1027 1648 1069 conditum
1673 1033 1798 1080 corpus
1825 1025 1965 1079 inquie-

873 1096 988 1139 tetur,
995 1084 1142 1134 videtur
1155 1090 1277 1135 autem
1288 1090 1395 1125 terra
1413 1080 1601 1129 conditum,
1610 1080 1674 1129 etſi
1686 1084 1726 1121 in
1744 1076 1870 1121 arcula
1887 1091 1964 1119 con-

875 1150 989 1191 ditum
995 1142 1058 1194 ſit,
1088 1152 1129 1182 ut
1156 1155 1223 1184 non
1251 1140 1340 1185 alibi
1370 1141 1656 1199 transferatur.
1688 1148 1852 1196 Omnis
1872 1156 1965 1197 ergo

875 1211 982 1248 cauſa
1003 1213 1043 1248 in
1070 1211 1280 1249 intentione
1296 1219 1429 1247 eorum
1446 1198 1686 1256 quærebatur,
1703 1203 1769 1257 qui
1788 1202 1965 1257 repoſue-

874 1273 959 1304 rant
974 1262 1141 1305 cadaver.
1200 1266 1379 1308 Videatur
1397 1267 1609 1314 inſcriptio:
1397 1314 1609 1319 inſcriptio:

1020 1332 1094 1371 NE.
1123 1331 1254 1385 QUIS.
1282 1333 1392 1372 NOS.
1421 1335 1714 1381 INQUIETET.
1749 1336 1824 1374 EX.

1083 1446 1266 1501 NEQUE.
1298 1448 1378 1489 AD.
1411 1443 1561 1485 ANTE.
1590 1440 1767 1483 ALIAM.

1043 1505 1233 1548 PONAT.
1292 1507 1419 1549 AUT.
1469 1497 1792 1545 COMMUTET.

1225 1383 1369 1422 ARCA.
1401 1387 1621 1424 NOSTRA.

871 1566 1078 1610 Neminem
1089 1574 1219 1605 autem
1227 1566 1344 1616 magis
1350 1565 1662 1621 quamdefunctos
1670 1569 1861 1613 ſecuritate
1870 1581 1968 1623 opus

876 1624 1017 1670 habere
1025 1628 1094 1667 rati
1104 1628 1187 1667 ſunt
1194 1629 1373 1668 Romani.
1406 1631 1523 1672 Unde
1539 1636 1808 1678 PERPETUÆ
1826 1637 1967 1679 SECU-

876 1687 1061 1732 RITATI
1073 1683 1151 1727 huc
1160 1681 1276 1740 poſita
1288 1684 1361 1729 eſſe
1370 1686 1549 1731 cadavera
1560 1680 1771 1745 ſcribebant,
1793 1682 1877 1736 nefas
1894 1690 1968 1734 eſſe

879 1741 1147 1786 exiſtimantes,
1155 1750 1255 1787 curæ
1277 1748 1315 1789 &
1332 1738 1505 1783 cuſtodiæ
1521 1741 1696 1784 Manium
1714 1743 1856 1797 eripere
1871 1737 1969 1786 velle

882 1800 1074 1847 cadavera,
1096 1811 1168 1852 qua
1183 1800 1259 1850 jam
1281 1806 1438 1848 humata
1457 1801 1690 1855 fruerentur,
1722 1805 1823 1848 unde
1842 1810 1970 1851 PAV-

883 1866 990 1912 LVS,
1005 1862 1070 1913 (c)
1101 1861 1162 1903 illa
1180 1860 1346 1915 ſepulcra
1363 1872 1535 1907 æternam
1537 1860 1662 1918 ſedem
1677 1877 1800 1917 vocat,
1818 1865 1968 1917 ſcilicet,

887 1925 969 1965 quæ
985 1928 1005 1954 a
1023 1918 1174 1957 nemine
1188 1915 1374 1960 debebant
1391 1917 1579 1960 transferri
1586 1932 1741 1974 quæque
1755 1919 1897 1962 tamdiu
1912 1924 1970 1963 in-

887 1970 985 2013 tacta
1010 1971 1183 2013 ſervanda
1223 1982 1360 2021 erant,
1397 1971 1513 2028 quam
1542 1977 1724 2030 temporis
1754 1969 1894 2029 injuriæ
1924 1989 1970 2019 ea

886 2045 966 2073 non
985 2031 1178 2075 violarent.
1232 2036 1330 2088 Ergo
1355 2048 1434 2077 non
1452 2035 1560 2079 facile
1581 2036 1898 2083 translocabantur
1914 2040 1968 2082 ſe-

883 2088 1022 2144 pulcra.
1080 2093 1214 2147 Sæpius
1230 2104 1357 2135 tamen
1377 2108 1424 2135 ex
1440 2094 1522 2151 ipſis
1539 2096 1694 2140 tumulis
1715 2097 1875 2143 extracta
1893 2101 1987 2143 oſſa

1860 2156 1969 2198 alior-

933 2231 981 2270 (a)
1004 2229 1159 2265 VIRGIL.
1177 2231 1247 2264 Æn.
1265 2231 1320 2264 IV.
1339 2240 1477 2282 427.

933 2281 985 2314 (b)
1000 2280 1035 2314 L.
1042 2291 1089 2324 39.
1109 2282 1143 2315 ff.
1161 2285 1190 2316 d.
1201 2282 1304 2326 Relig.

935 2321 983 2365 (c)
1004 2320 1040 2355 L.
1057 2332 1111 2365 40.
1128 2323 1159 2358 d.
1174 2321 1263 2367 relig.
