1941 2793
711 507 776 527 ves.
821 498 908 538 nv,
929 492 1081 536 ſoveam,
1115 490 1224 533 aliqui
1248 487 1291 536 in
1302 488 1426 531 genere
1455 489 1713 531 interpretantur
1733 488 1799 526 de

710 548 850 585 inſidiis,
874 547 989 588 quibus
1012 546 1155 587 capiatur
1179 545 1290 586 poenis
1313 545 1498 582 deſtinatus;
1528 543 1615 575 haud
1635 543 1710 575 ſcio
1726 548 1774 575 ta-

710 608 801 632 men,
833 607 873 625 an
896 596 935 624 de
949 593 1115 633 ſepulchri
1136 586 1240 635 ſovea
1268 593 1475 633 interpretari
1504 593 1541 621 ſit
1568 589 1772 630 commodius,

712 661 810 692 quum
833 662 915 682 mors
948 650 1058 690 etiam,
1098 657 1130 681 et
1153 651 1186 681 in
1209 648 1313 680 medio
1335 648 1462 689 quidem
1482 647 1562 681 flore
1587 647 1696 679 aetatis
1720 647 1775 678 aut

711 707 747 738 in
772 704 884 737 mediis
907 705 1071 735 conatibus
1095 701 1281 739 facinorum,
1304 699 1340 730 ſit
1361 711 1423 732 una
1446 710 1488 730 ex
1509 699 1624 742 poenis
1643 699 1777 731 deſtina-

713 758 754 787 tis
773 753 939 793 impietati,
969 758 1003 782 ut
1026 742 1158 786 docetur
1178 754 1225 786 Pſ.
1246 751 1339 791 XLV,
1365 753 1413 783 15.
1457 750 1488 787 L,
1510 754 1561 780 24.

803 813 850 842 14.
879 811 991 853 Neque
1013 811 1098 841 enim
1123 818 1262 851 unquam
1285 807 1368 839 Deus
1393 807 1539 849 negliget
1552 807 1643 846 ſuos,
1679 814 1776 838 num-

713 872 808 906 quam
831 864 888 896 ille
911 863 1027 907 prodet
1044 862 1206 905 peculium
1226 862 1325 901 ſuum,
1348 864 1381 892 et
1400 860 1558 902 populum
1577 868 1661 898 eum,
1681 866 1777 900 quem

713 919 809 952 habet
830 918 1000 959 proprium
1022 923 1054 949 et
1074 917 1172 949 ſuum.

807 974 856 1005 15.
890 972 1040 1015 Explicat
1063 978 1095 1004 et
1134 969 1320 1008 confirmat,
1356 967 1444 1012 quod
1472 969 1525 1004 Vs.
1556 968 1606 1003 14.
1633 966 1776 1001 dixerat:

716 1030 811 1071 PE?
834 1031 914 1071 23i
935 1033 1135 1068 p--3
1179 1025 1264 1066 Quia
1286 1021 1332 1053 ad
1343 1022 1505 1065 juſtitiam
1531 1027 1705 1055 revertetur
1716 1023 1779 1061 ju-

716 1073 856 1107 dicium,
879 1075 899 1101 i.
919 1082 945 1103 e.
967 1070 1121 1111 judicium
1147 1075 1271 1102 tandem
1292 1071 1406 1110 juſtum
1430 1077 1462 1100 et
1488 1078 1611 1100 rectum
1634 1071 1705 1107 fiet,
1741 1072 1779 1098 ut

716 1136 901 1164 recreentur
924 1130 1037 1170 ſancti,
1058 1130 1161 1171 erepti
1186 1128 1376 1166 violentiae,
1407 1125 1439 1158 et
1460 1126 1637 1167 puniantur
1657 1126 1779 1160 tollan-

717 1189 834 1225 turque
857 1181 959 1223 impii.
1004 1191 1114 1223 Pæ
1146 1183 1189 1213 Et
1206 1183 1274 1224 poſt
1294 1182 1379 1215 illud
1396 1181 1465 1213 ſcil.
1483 1171 1599 1222 juſtum
1613 1178 1779 1220 judicium,

717 1234 803 1271 quod
827 1233 974 1268 proxime
999 1218 1169 1270 praecedit.
1213 1230 1289 1267 Alii,
1310 1235 1346 1258 ut
1370 1228 1472 1258 Aben-
1486 1225 1557 1258 Eſra
1577 1233 1611 1257 et
1632 1222 1782 1271 Kimchi:?

717 1301 746 1325 et
763 1294 832 1335 poſt
857 1293 965 1330 illam,
989 1292 1145 1334 juſtitiam.
1187 1290 1253 1323 Imo
1271 1290 1344 1322 alii:
1370 1290 1438 1332 poſt
1457 1290 1575 1327 Deum,
1592 1299 1634 1321 ex
1649 1289 1701 1321 Vs.
1720 1288 1778 1325 14,

716 1350 771 1381 ſed
794 1348 858 1378 ſine
879 1345 1064 1379 neceſſitate.
1118 1343 1377 1378 Subaudiendum
1399 1342 1442 1376 eſt
1463 1343 1598 1378 verbum
1616 1341 1782 1376 ſubſtanti-

717 1408 794 1431 vum
817 1406 901 1440 »n,
925 1404 1035 1436 erunt,
1065 1401 1101 1428 ut
1126 1407 1139 1427 1
1159 1397 1242 1428 Sam.
1256 1396 1323 1438 XII,
1347 1398 1397 1430 14.
1423 1404 1444 1426 2
1465 1394 1548 1426 Sam.
1567 1392 1605 1433 II,
1631 1403 1696 1434 10.,
1725 1390 1790 1425 vel

717 1447 807 1489 ab,
834 1436 944 1483 ibunt,
973 1452 1008 1476 ut
1034 1455 1047 1476 1
1073 1444 1147 1487 Reg.
1170 1445 1251 1485 XIV,
1273 1445 1320 1483 8.,
1357 1446 1389 1476 h.
1417 1454 1445 1477 e.
1474 1445 1528 1475 illi
1552 1444 1781 1482 adhaerebunt,

717 1502 816 1538 idque
838 1501 1010 1537 ſequentur
1027 1505 1059 1527 et
1080 1500 1315 1530 collaudabunt
1333 1498 1393 1530 ab-
1413 1493 1545 1534 mvi-4
1581 1506 1685 1526 omnes
1703 1495 1782 1528 recti

719 1559 833 1598 corde,
855 1562 920 1592 vid.
944 1561 991 1594 Pſ.
1015 1560 1080 1598 VII,
1104 1564 1153 1590 11.
1182 1543 1288 1600 XI,2.
1314 1541 1451 1599 XXXII,
1471 1540 1553 1593 11.
1563 1556 1695 1592 Senſus:
1725 1555 1780 1588 ſuo

720 1616 866 1653 tempore
893 1608 971 1651 juſta
998 1608 1122 1652 judicia
1146 1608 1383 1641 exercebuntur
1409 1605 1661 1650 approbantibus
1687 1603 1782 1640 bonis

718 1671 752 1698 et
769 1664 833 1708 piis
856 1664 1013 1698 omnibus.

811 1722 857 1753 16.
891 1719 923 1764 L
948 1727 1092 1765 B°2
1131 1719 1210 1760 Quis
1233 1714 1395 1761 conſurget
1417 1716 1517 1756 mihi,
1548 1717 1571 1750 i.
1597 1727 1625 1749 e.
1646 1721 1684 1749 ut
1704 1714 1782 1750 adſit

717 1768 818 1807 mihi,
850 1767 892 1798 eſt
923 1767 1006 1799 enim
1031 1775 1088 1807 B3
1109 1767 1243 1797 verbum
1259 1778 1455 1806 praegnans,
1484 1769 1521 1795 ut
1535 1763 1656 1807 Geneſ.
1677 1765 1731 1806 IV,
1752 1754 1814 1794 8.

719 1824 824 1859 Exod.
842 1827 880 1864 lI,
906 1835 953 1866 17.
979 1835 999 1855 2
1023 1824 1104 1856 Sam.
1125 1825 1235 1865 XXIII,
1260 1834 1309 1856 10.
1355 1820 1389 1864 a4
1411 1822 1468 1854 alii
1487 1832 1548 1863 pro
1570 1831 1619 1852 me
1635 1820 1783 1855 reddunt,

722 1887 757 1914 ut
780 1882 881 1915 Exod.
903 1883 983 1920 XIV,
1008 1883 1056 1913 15.
1093 1880 1163 1913 Jud.
1187 1881 1238 1922 VI,
1256 1880 1308 1913 31.
1344 1884 1522 1921 B-u
1562 1877 1642 1910 Cum
1664 1877 1783 1918 impro-

720 1925 790 1964 bis,
824 1917 850 1954 i.
869 1934 894 1954 e.
923 1923 1020 1962 mihi,
1058 1924 1077 1953 ſ.
1105 1931 1168 1962 pro
1197 1938 1265 1961 me,
1299 1929 1353 1952 cui
1380 1938 1452 1952 cum
1478 1926 1646 1962 improbis
1662 1916 1784 1952 certan-

719 1988 796 2021 dum
819 1986 869 2020 eſt.
916 1985 1112 2019 Chaldaeus:
1139 1987 1267 2028 1uvꝶaL
1288 1988 1330 2014 BY
1352 1989 1441 2028 N0
1462 1975 1570 2027 NRNh
1592 1978 1626 2023 b
1647 1989 1717 2027 B;2
1739 1982 1784 2019 Iæ)

721 2039 794 2079 quis
818 2033 952 2079 aſſurget
974 2035 1055 2067 mihi
1082 2034 1140 2076 ad
1152 2035 1326 2076 gerendum
1352 2034 1469 2079 bellum
1498 2044 1571 2066 cum
1591 2026 1818 2077 ſceleratis?

723 2103 770 2134 Cf.
795 2099 926 2131 ſimilem
949 2097 1076 2140 phraſin
1098 2098 1145 2131 Pſ.
1163 2098 1226 2137 LV,
1252 2105 1303 2137 19.

814 2157 861 2189 17.
900 2148 1082 2190 Reſpondet
1110 2147 1176 2189 jam
1203 2147 1258 2178 ſibi
1279 2146 1338 2188 ipſi
1359 2149 1448 2178 vates
1469 2144 1511 2178 ad
1529 2142 1785 2185 exclamatoriam

714 2196 1006 2231 interrogationem
1027 2194 1076 2224 Vs.
1102 2191 1150 2225 16.
1193 2191 1260 2223 Niſi
1284 2191 1369 2221 Deus
1388 2194 1505 2221 adeſſet
1531 2195 1614 2222 mihi
1641 2197 1703 2230 ope
1723 2176 1816 2220 ſus,

721 2251 786 2288 jam
811 2247 892 2282 ſane,
926 2248 1032 2276 amiſſa
1056 2248 1132 2280 vita,
1157 2241 1340 2282 aggregatus
1365 2249 1501 2283 jacerem
1511 2240 1662 2274 mortuis.
1681 2231 1806 2282 æB:

723 2310 806 2336 wn
836 2308 912 2337 n»
938 2305 1042 2339 n”v,
1076 2302 1196 2329 Parum
1217 2299 1378 2337 abfuiſſet,
1416 2304 1494 2337 quin
1516 2306 1673 2329 habitaret
1695 2300 1726 2339 in
1738 2289 1794 2331 ſi-

721 2357 817 2388 lentio
839 2351 947 2381 anima
971 2366 1050 2387 mea,
1071 2356 1095 2382 i.
1121 2365 1146 2378 e.
1168 2354 1304 2387 jacerem
1323 2356 1388 2388 jam
1411 2357 1504 2380 ſilens
1526 2357 1613 2390 inter
1633 2349 1787 2381 mortuos,
