1338 1960
384 736 404 764 6

385 957 404 987 7

479 302 544 340 Sed,
556 313 591 332 ne
601 309 728 341 tempore
736 309 792 332 non
800 310 852 331 tuo
859 301 1003 341 diſertam

479 346 575 382 Pulſes
585 339 664 376 ebria
672 344 797 380 ianuam,
807 343 908 373 videto

485 383 570 423 Totos
578 389 633 420 dat
643 390 768 419 tetricae
776 389 838 420 dies
847 390 1012 426 Mineruae,

476 432 557 461 Dum
566 435 679 459 centum
684 427 782 465 ſtudet
789 423 905 457 auribus
913 435 1056 465 virorum,

475 479 533 509 Hoc
543 475 624 519 quod
623 476 720 513 ſecula
725 475 886 518 poſterique
888 475 993 515 poſſint

479 519 599 558 Arpinis
608 525 719 558 quoque
728 526 894 556 comparare
912 517 1033 549 chartis.

479 564 563 595 Seras
573 570 667 593 tutior
678 561 731 592 ibis
738 562 782 592 ad
784 562 926 596 lucernas,

479 608 557 639 Haec
567 605 640 636 hora
650 603 687 644 eſt
695 611 756 638 tua,
767 613 855 646 quum
852 605 941 645 furit
952 603 1076 643 Lyaeus:

477 651 575 685 Quum
584 653 687 688 regnat
699 645 769 684 roſa,
786 655 874 688 quum
882 646 1005 677 madent
1016 643 1121 687 capilli,

484 699 563 728 Tunc
571 705 615 726 me
629 694 684 725 vel
695 692 784 735 rigidi
798 696 897 734 legant
906 695 1030 726 Catones.

434 735 586 766 Meritone
596 741 674 768 cum,
692 738 740 769 qui
759 734 828 762 haec
850 734 885 762 de
903 743 950 762 me
961 729 1079 773 ſcripſit,
1111 734 1124 761 &
1132 736 1206 762 tune

433 780 530 811 dimiſi
540 778 712 817 amiciſſime,
730 777 757 807 &
775 787 861 815 nunc,
878 783 909 808 vt
928 772 1136 815 amiciſſimum,
1154 774 1207 807 de-

433 826 568 857 functum
586 823 640 856 eſſe
659 824 764 856 doleo?
791 824 880 856 Dedit
903 825 979 855 enim
1005 821 1086 861 mihi,
1110 828 1203 860 quan-

434 875 500 894 tum
512 869 639 892 maxime
654 864 762 897 potuit,
776 864 898 895 daturus
909 856 1046 901 amplius,
1062 859 1083 890 ſi
1099 858 1206 900 potuiſ-

433 913 486 947 ſet.
532 903 666 944 Tametſi
679 907 748 951 quid
764 904 876 941 homini
902 909 994 950 poteſt
1014 911 1075 941 dari
1102 911 1204 946 maius,

434 962 522 994 quam
544 954 653 992 gloria,
683 953 710 982 &
735 953 809 990 laus,
834 954 860 982 &
884 953 1057 984 aeternitas?
1081 952 1121 982 At
1144 960 1206 982 non

433 1003 520 1025 erunt
530 1002 655 1031 aeterna,
669 1003 741 1031 quae
754 993 862 1033 ſcripſit.
897 997 967 1025 Non
979 999 1066 1026 erunt
1074 992 1205 1025 fortaſſe:

433 1045 482 1072 ille
494 1047 591 1070 tamen
605 1037 712 1077 ſcripſit
725 1044 863 1077 tanquam
873 1038 959 1069 eſſent
969 1037 1072 1071 futura.
1117 1039 1205 1071 Vale.

473 1101 614 1134 Exquiliis]
633 1099 705 1126 collis
735 1100 847 1128 Romae,
866 1106 943 1132 quem
962 1099 1056 1126 Tullus
1080 1097 1206 1128 Hoſtilius

437 1137 564 1169 augebat,
591 1136 677 1168 ibique
698 1141 725 1161 vt
742 1134 801 1161 loco
827 1133 940 1169 dignitas
957 1133 1047 1165 fieret,
1065 1131 1206 1165 habitabat.

436 1178 493 1205 Liv.
508 1180 571 1204 Dec.
585 1180 605 1204 I.
619 1175 663 1206 Iib.
673 1184 690 1204 I
705 1183 761 1207 cap.
774 1180 815 1206 44.

445 1208 571 1239 tetricae
579 1204 721 1233 Mineruae]
729 1202 829 1225 ſeueris
836 1192 917 1225 Muſis
927 1192 1085 1224 iudicialibus
1100 1191 1186 1234 cauſis.

473 1244 575 1275 Arpinis
601 1242 704 1276 chartis]
733 1240 911 1267 Ciceronianis
934 1239 1040 1276 ſcriptis.
1092 1239 1206 1273 Arpinas

439 1289 510 1307 enim
523 1283 615 1307 Cicero
629 1280 687 1306 fuit.

471 1314 519 1330 ibis
532 1312 562 1329 ad
575 1309 693 1337 lucernas)
722 1310 751 1329 tu
760 1303 833 1330 Muſa
841 1306 885 1329 aut
895 1302 960 1330 liber
971 1302 1026 1330 ſero
1040 1302 1143 1337 veſpere
1155 1303 1206 1330 Pli-

438 1347 512 1370 nium
527 1345 618 1374 adeas;
638 1350 699 1376 quas
711 1342 786 1369 horas
797 1343 888 1376 epulae
907 1342 951 1369 ſibi
967 1344 994 1369 &
1014 1342 1106 1377 pocula
1120 1341 1207 1368 vindi-

437 1386 503 1406 cant.
566 1388 608 1405 Tum
623 1379 720 1414 gratior
731 1378 791 1408 eris,
805 1386 882 1412 quam
896 1377 962 1405 inter
978 1377 1078 1404 ſeueras
1095 1382 1208 1411 occupa-

438 1420 522 1446 tiones
543 1426 688 1445 occurrens.

473 1455 493 1469 6.
514 1453 633 1476 quantum
651 1443 764 1478 maxime)
784 1443 822 1470 Ita
839 1441 990 1471 Sichardus:
1010 1448 1037 1469 at
1048 1440 1135 1470 Barth.
1156 1448 1207 1467 ma-

440 1488 516 1514 ximi:
537 1488 619 1514 Aldus
636 1493 773 1513 maximum.

472 1524 494 1545 7.
514 1520 549 1537 At
567 1521 616 1536 non
638 1521 709 1537 erunt
727 1510 835 1544 aeterna)
867 1511 942 1541 Sunt,
960 1509 1078 1544 quamuis
1109 1510 1208 1538 Plinius

438 1554 469 1580 de
483 1560 616 1587 temporum
631 1554 723 1579 iniuria
735 1559 869 1579 metuerat.
905 1554 946 1580 Sic
953 1553 1047 1580 Statius
1055 1555 1100 1580 III.
1114 1552 1177 1579 Silv.
1186 1558 1207 1583 3.

438 1595 462 1611 v.
470 1594 499 1618 37.
522 1594 569 1610 non
583 1589 667 1617 arſura
681 1593 786 1615 munera,
802 1585 846 1611 vbi
854 1584 987 1612 Barthium
999 1584 1095 1612 videas.
1131 1584 1208 1610 Adde

437 1626 553 1655 noſtrum
562 1624 607 1653 lib.
619 1624 695 1655 huius
704 1624 774 1660 epiſt.
786 1633 824 1652 10.
832 1632 897 1652 extr.
