2226 2469
412 282 445 328 6

410 377 553 428 facem
567 379 820 441 præferunt.
883 383 986 445 Ego
1001 387 1061 432 ſic
1077 388 1281 446 arbitror,
1312 387 1676 440 adoleſcentulum
1693 392 1826 451 paulo
1844 407 1947 453 pru-

411 440 683 497 dentiorem,
716 444 794 488 niſi
818 444 873 489 ad
891 459 1022 492 omne
1045 446 1178 493 ſcelus
1199 447 1457 509 profligatus
1479 451 1558 504 ſit,
1588 464 1678 495 non
1704 456 1942 511 poſtulatu-

410 504 550 553 rum,
572 506 622 541 ut
647 498 721 543 ſibi
749 506 1013 561 propterea,
1055 502 1174 558 quod
1201 505 1382 551 aliorum
1421 501 1637 554 beneficiis
1670 510 1864 567 victitet,
1900 516 1944 556 &

408 558 683 613 ſuſtentetur,
707 557 890 621 ignavo,
916 561 1123 620 improbo
1141 572 1192 609 ac
1205 565 1424 624 flagitioſo
1443 569 1524 615 eſſe
1540 570 1693 622 liceat;
1726 573 1807 618 niſi
1821 574 1942 621 forte

408 609 486 655 ſuo
520 611 899 669 comprobandum
929 622 1056 672 putet
1088 615 1319 673 exemplo:
1370 628 1671 676 paupertatem
1704 623 1950 671 multorum

408 664 615 717 ſcelerum
637 669 885 729 magiſtram
902 673 1009 731 eſſe;
1039 674 1113 720 ſed
1133 677 1438 724 elaboraturum
1459 673 1627 741 potius,
1649 690 1700 725 ut
1711 682 1941 741 modeſtia,

404 723 638 779 induſtria,
661 737 926 785 morumque
941 729 1167 776 honeſtate
1184 730 1225 774 ſe
1244 743 1335 775 non
1349 732 1584 789 indignum
1598 736 1817 785 beneficiis
1839 739 1936 795 eſſe,

405 780 618 824 declaret:
658 783 704 834 &
725 782 800 839 qui
814 782 912 828 ſatis
930 782 1012 827 ſint
1028 782 1327 844 impudentes,
1370 797 1419 831 ut
1443 780 1737 838 ſcholaſticam
1754 791 1939 852 diſcipli-

404 850 506 882 nam
521 838 781 894 detrectent,
824 854 927 897 eos,
956 843 991 887 ſi
1007 843 1054 889 id
1075 857 1168 909 præ
1183 846 1225 891 ſe
1240 844 1384 893 ferant
1401 849 1456 894 ad
1476 849 1663 896 ſcholam
1682 851 1937 899 accedentes

406 895 504 951 (eſt
519 908 630 942 vero
645 897 691 941 in
706 898 964 955 quibusdam
980 910 1068 945 tam
1084 904 1346 951 incredibilis
1364 896 1516 970 ſtupor
1533 906 1701 953 dicam?
1730 923 1783 954 an
1799 910 1938 967 impu-

404 950 598 1002 dentia)
630 958 837 1010 tanquam
861 952 1068 999 ſcabioſas
1096 951 1287 1012 pecudes
1312 958 1588 1014 recipiendos
1612 975 1703 1007 non
1727 962 1832 1018 eſſe,
1863 963 1937 1009 ſed

401 1007 645 1068 longiſſime
671 1009 916 1072 fugandos;
952 1024 1028 1058 aut
1050 1014 1085 1059 ſi
1106 1017 1276 1073 recepti
1297 1018 1404 1061 ſint,
1438 1019 1804 1078 compeſcendos;
1834 1028 1878 1069 &
1903 1024 1960 1070 ſi-

401 1063 685 1120 pertinaciter
704 1062 923 1109 reſiſtant,
963 1076 1093 1123 quam
1115 1067 1305 1123 primum
1321 1060 1646 1119 diſturbandum
1671 1073 1986 1131 nequiſſimo-

400 1132 500 1166 rum
515 1120 856 1169 homuncionum
874 1116 1065 1183 globum.
1113 1126 1316 1175 Alterum
1332 1127 1545 1178 ferocium
1563 1132 1768 1188 juvenum
1784 1145 1936 1190 genus,

399 1177 525 1234 quod
540 1177 651 1223 mihi
668 1179 945 1236 obverſatur,
976 1175 1141 1233 eorum
1154 1180 1242 1238 eſt,
1271 1183 1361 1243 qui,
1391 1185 1512 1243 quod
1527 1188 1582 1234 ad
1598 1182 1836 1238 academias
1853 1189 1965 1246 abi-

395 1249 446 1282 re
462 1236 637 1294 volunt,
661 1241 864 1286 extremis
875 1244 1146 1298 temporibus
1164 1246 1429 1294 ſcholaſticæ
1447 1247 1686 1307 diſciplinæ
1709 1251 1956 1308 impatien-

398 1290 465 1337 tes
488 1292 578 1353 ejus
601 1289 767 1340 vincula
790 1289 999 1344 divellere
1017 1298 1211 1355 cupiunt.
1269 1302 1411 1358 Abſit,
1447 1312 1494 1347 ut
1518 1306 1719 1351 omnibus
1736 1307 1865 1352 talem
1872 1307 1961 1355 fe-

373 1349 568 1395 rociam
583 1348 858 1396 tribuendam
881 1358 1050 1410 putem.
1124 1353 1323 1415 Namque
1344 1354 1522 1405 fuerunt
1548 1374 1603 1405 ex
1627 1359 1788 1408 noſtris
1814 1374 1958 1409 com-

397 1405 547 1465 plures
565 1414 689 1450 tanta
703 1407 1035 1466 moderatione,
1080 1413 1124 1455 &
1138 1419 1263 1457 tanto
1281 1411 1484 1471 pudore,
1513 1426 1562 1462 ut
1577 1416 1633 1463 ad
1649 1416 1844 1464 ultimam
1855 1419 1933 1466 ho-

394 1465 514 1530 ram,
542 1477 672 1526 quam
687 1468 802 1513 inter
815 1483 896 1516 nos
914 1469 1114 1530 egerunt,
1137 1471 1217 1521 ſibi
1234 1476 1391 1524 ſimiles
1405 1475 1592 1530 fuerint;
1632 1490 1820 1539 quorum
1845 1492 1981 1530 me-

397 1535 540 1569 moria
554 1523 648 1569 non
662 1526 812 1583 poteſt
827 1528 952 1574 nobis
979 1542 1071 1573 non
1094 1528 1174 1576 eſſe
1197 1532 1509 1589 jucundiſſima:
1548 1536 1747 1593 plerique
1768 1544 1984 1593 tamen,

398 1578 591 1638 alioquin
615 1592 698 1625 non
720 1575 991 1643 immodeſti,
1020 1585 1093 1632 ſub
1112 1585 1241 1634 finem
1266 1587 1509 1638 ſcholaſtici
1534 1589 1759 1647 curriculi,
1790 1592 1930 1653 aliqua

398 1636 650 1685 excutiendi
665 1638 846 1686 ſalutare
862 1640 1097 1702 diſciplinæ
1119 1642 1382 1692 ſcholaſticæ
1406 1647 1557 1704 jugum
1584 1646 1821 1705 cupiditate
1836 1660 1930 1697 ten-

396 1700 559 1737 tantur.
641 1692 753 1737 Cum
774 1703 914 1738 autem
935 1692 1215 1743 vehementer
1240 1710 1332 1742 non
1356 1700 1493 1746 modo
1523 1700 1578 1743 ad
1601 1700 1795 1760 ipſorum
1824 1704 1928 1749 ado-

396 1751 632 1807 leſcentum
647 1753 819 1798 ſalutem
840 1755 1079 1816 pertineat,
1107 1767 1157 1802 ut
1174 1759 1256 1805 ſint
1274 1766 1589 1819 temperantes,
1621 1776 1700 1808 nec
1719 1766 1928 1812 academi-

399 1820 463 1852 cæ
489 1805 727 1856 inſolentiæ
752 1820 941 1871 unquam
967 1809 1236 1868 adſueſcant;
1276 1814 1351 1860 ſed
1371 1816 1501 1869 etiam
1525 1817 1789 1880 reliquorum
1813 1834 1929 1865 com-

396 1864 580 1909 modum
596 1873 727 1926 atque
746 1866 906 1915 utilitas
923 1868 1100 1927 poſcat,
1133 1885 1188 1920 ne
1206 1872 1308 1916 mali
1322 1882 1510 1930 contage
1537 1876 1800 1925 inficiantur:
1830 1892 1930 1924 mo-

397 1920 530 1965 nendi
551 1921 757 1969 videntur
776 1935 944 1979 omnes,
976 1925 1051 1984 qui
1068 1925 1303 1985 diſciplinæ
1321 1927 1580 1978 ſcholaſticæ
1606 1933 1840 1981 conſultum
1862 1948 1952 1979 cu-

396 1972 542 2037 piunt,
581 1990 631 2025 ut
644 1981 746 2026 huic
768 1981 840 2029 ſeu
856 1983 1019 2039 errori,
1048 1984 1120 2030 ſeu
1136 1984 1328 2043 fervori,
1359 1986 1428 2033 ſeu
1443 1987 1585 2036 furori
1604 1993 1783 2047 juvenili
1801 2003 1925 2039 tanto

399 2033 667 2081 conſtantius
685 2045 934 2095 occurrant,
970 2042 1012 2085 &
1034 2040 1246 2096 reſiſtant,
1274 2055 1362 2101 quo
1386 2042 1512 2090 Iatius
1530 2049 1706 2103 evagari
1720 2050 1945 2105 geſtiet.

526 2095 701 2152 Quarto
717 2093 903 2153 denique
918 2092 1263 2153 præcipiendum
1279 2097 1476 2153 videtur,
1501 2115 1549 2146 ne
1566 2101 1650 2158 his,
1679 2104 1745 2159 qui
1770 2102 1926 2160 ſpiritus

386 2146 513 2208 ſancii
527 2137 657 2197 divino
678 2158 788 2197 motu
810 2154 1037 2208 præceteris
1051 2153 1228 2208 cientur,
1256 2162 1393 2201 contra
1411 2157 1674 2208 ſcholaſticam
1691 2154 1950 2219 diſciplinam.

1777 2220 1926 2284 aliquid
