1824 2878
653 453 740 498 228

964 454 1051 498 DE
1051 454 1333 498 FEBRIBVS

658 537 911 584 intumeſcunt,
936 541 1142 579 indurantur
1155 541 1219 589 ſic,
1244 552 1284 584 vt
1303 546 1426 584 deinde
1442 546 1613 591 cächexia,

658 590 826 639 hydrops,
854 598 889 626 et
904 591 1009 628 febris
1026 591 1118 629 lenta
1132 593 1384 645 ſubſequantur.
1431 590 1517 635 Non
1526 592 1611 636 ſem-

656 652 720 689 per
742 648 861 678 tamen
886 640 1130 682 obſtructiones
1152 644 1316 696 ejuſmodi
1336 642 1512 688 habendae
1531 646 1611 690 ſunt

657 705 723 739 pro
749 691 900 733 effectis,
928 702 1014 738 quae
1030 691 1100 740 ejus
1118 694 1338 736 diuturnitati
1356 699 1541 742 debentur,
1570 711 1611 735 ac

654 743 854 783 ſuccedunt.
903 743 1085 781 Interdum
1110 747 1203 783 enim
1221 760 1298 785 eam
1318 744 1547 794 antecedunt,
1573 760 1610 788 et

655 796 881 837 comitantur,
908 802 945 830 et
957 803 1041 834 tunc
1058 797 1098 833 ab
1110 799 1163 835 his
1179 799 1284 847 flauus
1287 803 1346 837 ille
1354 804 1466 846 faciei,
1487 798 1610 852 totiuſ-

654 842 723 893 que
738 838 893 894 corporis
907 847 1013 890 color,
1023 844 1140 897 quem
1155 851 1192 885 in
1204 863 1242 886 ea
1259 854 1430 889 obſeruari
1440 858 1539 904 ſupra
1552 858 1610 892 ad-

654 892 875 942 notauimus,
907 902 1019 950 repeti
1035 897 1175 940 fortaſſe
1190 905 1315 953 poteſt;
1353 907 1565 957 quamquam
1565 907 1610 962 is

652 948 692 986 vt
707 949 897 1002 plurimum
913 966 932 988 a
944 952 1080 1002 ſpaſmis
1089 948 1356 997 abdominalium
1363 962 1539 1004 viſcerum,
1557 971 1607 997 et

653 1005 803 1045 duodeni
817 1006 988 1056 inprimis,
1010 1011 1068 1053 qui
1081 1010 1280 1051 choledochi
1296 1015 1419 1052 oſtium
1429 1009 1606 1060 claudunt,

651 1057 826 1107 bilemque
836 1058 984 1097 refluere
996 1056 1034 1097 in
1047 1060 1166 1111 hepar,
1176 1057 1349 1112 vænaſque
1363 1062 1504 1111 cogunt,
1529 1079 1607 1116 pro-

646 1101 754 1155 ficiſci
764 1109 797 1157 *)
815 1107 990 1155 videatur;
1014 1108 1076 1147 niſi
1092 1111 1197 1149 etiam
1211 1103 1370 1151 malueris
1379 1114 1557 1159 interdum
1568 1120 1606 1157 id

650 1166 729 1204 vitii
744 1167 781 1203 in
796 1166 1007 1219 pituitoſam,
1029 1169 1251 1221 viſcidamque
1267 1171 1451 1216 ſaburram,
1468 1186 1553 1223 quae
1566 1178 1606 1214 in

647 1215 844 1255 ventriculo
867 1231 939 1254 non
957 1221 1089 1262 minus,
1120 1228 1225 1269 quam
1232 1220 1273 1273 in
1286 1222 1445 1262 duodeno
1461 1222 1604 1265 collecta

645 1261 708 1318 ſit,
735 1269 1008 1320 choledochique
1023 1264 1197 1311 orificium
1214 1267 1370 1319 obſtruat,
1393 1275 1602 1325 transferre;

643 1317 706 1359 vel
721 1322 758 1357 in
773 1321 881 1371 ipſam
895 1322 1019 1367 bilem,
1044 1335 1132 1373 quae
1146 1319 1242 1373 copia
1253 1334 1289 1362 et
1303 1325 1446 1365 lentore
1464 1336 1605 1380 praeter

642 1368 815 1408 naturam
833 1378 973 1422 peccet,
1007 1380 1111 1424 atque
1126 1376 1163 1412 in
1177 1370 1315 1416 biliferis
1332 1379 1506 1416 canalibus
1519 1375 1602 1417 con-

641 1422 738 1471 geſta
752 1424 890 1471 reſiſtat,
913 1426 1146 1476 haereatque.
1182 1429 1489 1478 Quemadmodum
1505 1433 1602 1473 enim

647 1481 686 1509 in
699 1476 851 1511 tertiana
866 1473 1029 1527 legitima,
1042 1474 1082 1519 vt
1090 1480 1168 1526 ejus
1184 1475 1388 1521 concitatior
1399 1489 1534 1530 motus,
1544 1496 1600 1519 ca-

644 1522 762 1581 lorque
783 1522 898 1577 acrior
913 1524 1070 1579 oſtendit,
1096 1528 1314 1574 acrimoniam
1326 1531 1508 1585 quamdam
1517 1542 1600 1578 cali-

646 1584 743 1625 dam,
768 1577 1012 1639 bilioſamque,
1044 1586 1089 1624 ſic
1113 1589 1157 1624 in
1175 1587 1271 1626 notha
1287 1590 1454 1638 pituitam
1469 1591 1598 1642 potius,

644 1635 833 1685 craſſoſque
854 1638 1030 1684 humores,
1056 1647 1092 1677 et
1108 1640 1185 1679 bilis
1194 1642 1358 1689 inertiam
1371 1643 1629 1696 praepollere,

643 1685 854 1725 veroſimile
865 1688 957 1727 eſt.

687 1756 717 1792 *)
740 1757 872 1790 Quando
886 1743 1027 1785 ictericus
1040 1757 1122 1786 color
1139 1756 1175 1786 ab
1185 1757 1332 1796 ejuſmodi
1350 1760 1452 1796 cauſſa,
1466 1766 1493 1791 vt
1499 1765 1596 1794 febris

642 1801 812 1845 ſymptoma
825 1805 938 1838 tantum
958 1802 1043 1851 eſt,
1049 1806 1097 1839 in
1108 1807 1235 1849 qualbet
1248 1807 1413 1844 acceſſione
1427 1811 1489 1853 ipſe
1508 1821 1597 1854 appa-

629 1851 709 1885 ret,
740 1852 791 1876 aut
809 1847 842 1878 in
857 1857 892 1878 ea
908 1846 1051 1885 intenſior
1066 1850 1165 1882 euadit
1184 1857 1234 1882 et
1248 1859 1351 1885 contra
1363 1853 1394 1884 in
1409 1853 1597 1889 intermiſſio-

644 1886 692 1916 nis
706 1886 865 1919 interuallo
879 1886 1037 1928 euaneſcit,
1060 1888 1108 1920 vel
1123 1888 1217 1922 ſalem
1236 1890 1366 1927 multum
1377 1892 1514 1932 diluitur;
1545 1897 1596 1928 ſic-

642 1940 704 1974 que
721 1941 786 1965 cum
801 1932 861 1978 ipſa
874 1934 966 1969 febre
979 1935 1106 1975 accedit,
1129 1930 1304 1983 receditque.

822 2006 1001 2046 Curatio
1023 2009 1226 2048 tertianae
1252 2011 1414 2050 nothae.

997 2098 1029 2143 §.
1091 2099 1266 2137 CLVIII.

692 2165 812 2205 Quare
829 2162 854 2199 ſi
872 2177 910 2201 ex
926 2159 1208 2205 antecedentibns
1216 2174 1346 2219 pateat,
1369 2168 1439 2216 jam
1455 2171 1590 2223 pridem

641 2211 813 2253 obſtructa
827 2214 952 2254 viſcera
971 2216 1046 2263 eſſe,
1062 2219 1086 2256 ſi
1097 2227 1417 2271 temperamentum,
1433 2226 1589 2271 corporis

639 2265 797 2308 habitus,
826 2265 918 2302 vitae
940 2279 1064 2314 genus,
1097 2272 1207 2308 victus
1225 2272 1337 2315 ratio,
1365 2280 1478 2318 aetas,
1505 2275 1589 2312 anni

637 2323 777 2365 tempus
790 2316 1017 2357 cruditatibus
1031 2323 1260 2369 congerendis,
1276 2323 1445 2374 lentiſque
1461 2326 1586 2366 humo-

638 2367 732 2404 ribus
751 2371 1026 2416 accumulandis,
1049 2380 1085 2409 et
1099 2374 1357 2419 condenſandae,
1379 2387 1587 2417 coaceruan-

1452 2441 1588 2488 daeque
