2280 2504
632 227 698 252 664

1020 220 1140 251 FRID.
1140 220 1335 251 HILTROP.
1335 220 1568 251 PROCESSUS
1568 220 1700 251 JUDIC.

646 265 797 312 ejusmodi
806 265 939 315 ſigillum
951 266 1036 302 fuiſſe
1052 261 1222 319 appoſitum,
1231 265 1333 313 etiam-

646 313 670 357 ſi
675 313 750 350 datæ
755 313 909 353 literarum
920 311 1108 354 quorundam
1117 312 1160 350 ex
1160 312 1203 350 iis
1211 319 1333 351 memo-

653 366 728 395 riam
739 373 798 397 non
808 364 999 398 excederent.

617 413 651 446 12
651 413 806 446 Tertio
814 409 955 453 objicitur
965 418 1066 442 contra
1080 406 1212 454 ſigillum
1227 415 1240 453 †
1250 407 1333 452 quod

649 458 798 506 ſculptura
809 457 842 492 ſit
854 459 971 497 deleta,
979 452 1114 511 ſigillum
1132 459 1256 494 fractum
1270 461 1331 494 &c.

652 504 704 538 iſta
730 512 886 549 corruptio
917 500 1011 547 ſigilli
1046 506 1144 547 arguit
1174 504 1334 538 falſitatem

650 547 754 581 ſaltem
778 544 986 591 præſumptive
1009 545 1051 577 ob
1081 557 1170 590 quam
1194 545 1332 589 præſum-

615 591 789 639 ptionem
821 594 894 628 fides
906 594 964 627 iſtis
987 594 1081 628 literis
1115 607 1174 628 non
1197 594 1333 633 habetur,

650 643 734 674 tex.in
746 640 771 673 d.
779 652 800 673 c.
809 643 878 674 inter
887 641 986 674 dilectos
997 644 1028 673 6.
1052 646 1078 679 §.
1089 650 1186 680 tertio,
1199 642 1227 675 de
1229 642 1280 684 fide
1290 645 1333 674 in-

645 689 740 734 ſtrum.
789 686 880 728 Quod
888 699 1003 727 verum,
1013 686 1032 720 ſi
1041 688 1183 734 ſcriptura
1191 688 1224 722 ſit
1236 692 1333 732 priva-

650 744 699 774 ta,
712 732 748 766 de
760 743 816 777 qua
825 744 886 768 tex.
895 735 946 767 ille
959 735 1124 780 loquitur,
1149 746 1215 767 nam
1225 732 1330 780 publi-

650 790 719 811 cum
731 780 954 812 inſtrumentum
964 778 1005 810 ob
1014 781 1238 824 corruptionem
1249 777 1330 823 ſigil-

648 829 672 861 Ii
686 839 747 861 non
757 827 943 872 reprobatur,
953 837 1022 871 quia
1031 827 1081 861 iſta
1089 829 1246 861 ſolennitas
1253 839 1328 872 præ-

650 873 708 908 ciſe
730 885 790 907 non
809 874 849 909 eſt
875 874 1063 913 neceſſaria,
1087 875 1204 918 vulgata
1227 884 1327 907 autem

643 918 786 953 theorica
798 915 874 955 eſt,
898 916 978 960 quod
991 920 1042 960 qui
1053 929 1111 951 non
1124 927 1241 951 tenetur
1252 916 1290 950 ad
1298 930 1327 950 a-

655 969 756 1004 ctum,
780 965 800 1000 ſi
809 965 903 1010 ipſum
917 976 1043 1000 attentat
1053 969 1148 1000 minus
1156 966 1326 1006 ſolenniter,

650 1013 782 1047 defectus
792 1013 973 1045 ſolennitatis
983 1023 1044 1044 non
1054 1020 1163 1050 nocet,
1187 1022 1244 1054 arg.
1257 1015 1276 1045 l.
1282 1014 1326 1044 in-

643 1058 794 1105 ſtrumentis
806 1068 835 1096 9.
847 1068 904 1091 cum
913 1059 1022 1093 concord.
1033 1060 1092 1095 Cod.
1105 1061 1132 1093 de
1141 1060 1190 1103 fide
1209 1059 1326 1103 inſtrum.

650 1115 718 1147 quæ
729 1108 810 1137 enim
821 1116 881 1138 non
890 1105 953 1138 ſunt
964 1106 1156 1141 ſubſtantialia
1168 1106 1245 1140 actus,
1274 1107 1328 1139 illa

647 1153 770 1200 poſſunt
781 1154 886 1195 adeſſe,
894 1155 948 1188 vel
958 1155 1054 1189 abeſſe
1065 1155 1122 1190 ſine
1132 1156 1210 1188 actus
1223 1166 1324 1188 corru-

651 1208 754 1242 ptione
768 1202 786 1234 &
801 1197 930 1239 interitu,
945 1195 959 1242 &
970 1200 1037 1233 hæc
1047 1199 1083 1232 de
1092 1201 1217 1234 fractura
1226 1202 1326 1233 &cor-

653 1249 793 1290 ruptione
806 1246 894 1290 ſigilli
903 1249 1039 1281 Panorm.
1063 1248 1190 1285 Felinus,
1205 1243 1219 1288 &
1235 1248 1285 1281 alii
1293 1251 1323 1280 in

647 1292 774 1335 publico
785 1292 980 1324 inſtrumento
989 1302 1049 1324 non
1061 1286 1215 1339 procedere
1232 1290 1326 1338 ſingu-

652 1339 754 1371 lariter
764 1347 877 1370 notant.

613 1378 651 1423 13
651 1379 715 1425 †
728 1382 843 1416 Quarto
852 1378 989 1421 objicitur
997 1387 1096 1411 contra
1106 1380 1205 1411 literas
1212 1377 1324 1422 ſigilla-

649 1436 692 1459 tas
704 1425 784 1470 quod
800 1427 895 1460 literæ
915 1431 946 1459 in
965 1426 1202 1460 circumferentia
1231 1427 1323 1471 ſigilli

648 1469 750 1514 poſitæ
759 1482 817 1503 non
829 1470 883 1503 ſint
896 1470 1040 1516 legibiles,
1049 1480 1116 1514 prout
1125 1474 1149 1503 in
1166 1472 1204 1505 d.c.
1211 1475 1274 1506 inter
1283 1471 1322 1505 di-

651 1520 723 1551 Iectos
734 1518 846 1559 §.tertio,
856 1519 934 1560 Papa
946 1525 1046 1558 argute
1055 1528 1094 1552 ex
1102 1517 1218 1552 defectu
1225 1517 1323 1550 litera-

652 1573 718 1595 rum
729 1562 880 1596 concludit
890 1562 965 1596 illud
972 1563 1103 1609 ſigillum
1116 1575 1176 1597 non
1183 1564 1239 1598 eſſe
1251 1567 1322 1597 Lui-

651 1611 726 1645 tardi
736 1611 897 1656 Epiſcopi,
922 1612 970 1645 ſed
979 1611 1115 1649 Lotharii
1123 1615 1260 1656 Imperat.
1273 1622 1333 1644 cu-

645 1656 693 1698 jus
705 1664 817 1688 nomen
836 1666 875 1688 ex
885 1655 946 1689 illis
969 1656 1063 1689 literis
1085 1655 1198 1689 facilius
1210 1655 1323 1689 confici

652 1708 756 1754 poſſet.

612 1751 642 1778 14
699 1747 814 1784 Quinto
824 1742 963 1786 objicitur
975 1752 1076 1776 contra
1084 1737 1221 1793 ſigillum,
1221 1740 1244 1790 †
1244 1740 1320 1789 quod

651 1796 798 1841 ſculptura
831 1793 965 1840 dignitati
985 1794 1137 1840 ſigillantis
1163 1808 1222 1828 non
1247 1807 1320 1828 con-

649 1845 743 1878 gruat,
751 1845 825 1878 prout
836 1843 901 1879 Papa
909 1839 936 1869 in
947 1835 989 1885 d.c.
984 1836 1143 1880 falſitatem,
1155 1848 1193 1870 ex
1204 1836 1255 1872 iſta
1262 1837 1320 1872 dif-

650 1888 800 1917 formitate
818 1882 968 1927 ſcripturæ
993 1885 1175 1922 convincit,
1195 1894 1237 1916 ex
1258 1883 1319 1916 hoc

651 1935 732 1964 enim
744 1929 820 1973 quod
836 1933 933 1973 imago
960 1929 1047 1974 ſigilli
1057 1941 1118 1966 non
1138 1931 1319 1975 pontificalia

652 1978 702 2011 ſed
722 1977 827 2021 regalia
839 1976 1043 2014 indumenta,
1069 1987 1128 2010 non
1141 1978 1320 2021 paſtoralem

651 2025 806 2057 baculum,
817 2022 865 2055 ſed
885 2024 983 2067 regale
997 2023 1143 2066 ſceptrum
1151 2033 1320 2061 teneat,non

650 2077 768 2101 mitram
788 2066 837 2100 ſed
845 2069 958 2109 pileum
968 2067 1092 2111 geſtet,
1105 2069 1320 2102 inconvincibi-

650 2117 721 2152 liter
750 2115 890 2162 probatur
905 2115 983 2152 illud
1005 2115 1138 2163 ſigillum
1151 2129 1213 2152 non
1235 2118 1320 2154 fuiſſe

1377 268 1513 303 Luitardi
1522 268 1673 315 Epiſcopi,
1682 263 1726 315 ſed
1739 272 1836 316 potius
1846 268 1978 305 Lotharii
1986 270 2048 304 Im-

1376 323 1543 363 peratoris,
1568 321 1649 364 cujus
1659 324 1739 353 enim
1752 319 1791 354 eſt
1802 320 1902 366 imago
1916 316 1935 363 &
1948 320 2045 366 ſuper-

1368 367 1516 412 ſcriptio,
1531 369 1593 411 ejus
1604 367 1644 401 eſt
1662 370 1677 402 &
1695 367 1840 415 ſigillum,
1863 379 1951 412 prout
1960 370 2045 403 Chri-

1375 412 1431 445 ſtus
1462 415 1492 444 in
1506 411 1671 457 Evangelio
1693 410 1730 445 de
1753 412 1922 447 numiſmate
1943 414 2043 457 arguit.

1378 458 1500 494 Poſſunt
1520 462 1609 491 etiam
1621 466 1666 491 ex
1677 459 1740 491 aliis
1761 459 1930 504 conjecturis
1949 461 2045 495 falſifi-

1378 516 1511 538 cationes
1536 504 1702 550 ſigillorum
1721 503 1851 550 detegi,
1881 509 1914 538 in
1934 504 2045 550 quibus

1378 550 1517 583 officium
1529 547 1636 592 judicis
1643 550 1778 582 multum
1793 550 1886 589 valet,
1896 550 2044 584 arbitrabi-

1377 607 1424 629 tur
1444 607 1526 629 enim
1541 596 1641 642 Judex
1652 608 1708 641 pro
1721 596 1765 630 ſua
1783 597 1990 636 diſcretione,
2014 599 2044 632 &

1375 640 1529 686 prudentia
1538 652 1605 685 quæ
1615 642 1825 686 conjecturæ,
1849 645 1880 677 &
1895 640 2001 678 indicia
2001 640 2043 678 ad

1373 687 1637 730 præſumptionem
1656 686 1787 720 falſitatis
1798 687 1958 722 faciendam
1969 682 2059 723 ſuffi-

1374 740 1480 769 cientia
1490 735 1572 776 ſunt,
1581 745 1697 769 certum
1711 741 1788 770 enim
1796 736 1837 772 eſt
1847 737 1971 776 dolum,
1994 737 2043 779 qui

1372 790 1402 818 in
1416 783 1490 818 falſo
1503 787 1659 827 requiritur
1669 795 1727 829 per
1734 783 1841 818 indicia
1851 786 2044 829 probari,
1984 781 1998 828 l.
2007 779 2048 825 do-

1372 832 1428 861 lum
1436 830 1527 862 6.C.
1504 827 1532 874 de
1544 830 1599 862 dolo
1608 833 1693 867 malo,
1707 827 1755 860 ſed
1766 839 1834 873 quæ
1846 830 1901 865 ſint
1912 831 1964 864 illa
1977 824 2044 873 indi-

1373 877 1426 913 cia,
1439 886 1486 918 quæ
1503 876 1590 914 levia,
1598 886 1663 919 quæ
1672 874 1883 917 vehementia,
1895 877 1953 911 hoc
1961 886 2042 910 certo

1372 923 1490 958 definiri
1505 935 1566 956 non
1589 923 1719 968 poteſt,
1742 923 1789 957 ſed
1805 924 1898 969 judex
1923 925 2041 959 arbitra-

1371 971 1462 1004 bitur.

1485 1134 1768 1165 TITULUS
1817 1129 1929 1180 XIII.

1365 1230 1443 1267 DE
1463 1227 1778 1269 DOCUMENTO
1805 1226 2037 1273 JUDICIS,

1417 1283 1501 1310 VEL
1522 1282 1744 1310 ALTERIUS
1765 1283 1996 1310 PUBLICUM

1564 1315 1702 1348 Gerentis
1717 1310 1858 1355 officium.

1366 1400 1631 1437 Documentum
1655 1399 1782 1445 Judicis
1812 1402 1865 1438 vel
1903 1400 2038 1437 alterius

1421 1449 1579 1489 Officialis
1593 1447 1776 1496 quomodo
1786 1448 1915 1496 probet.

1491 1543 1900 1576 SUMMARIA.

1364 1615 1382 1638 1
1393 1612 1591 1640 Documentum
1594 1607 1740 1649 judicis,vel
1748 1609 1852 1641 alterius
1859 1608 1981 1650 Officialis
1988 1609 2039 1642 cir-

1470 1660 1501 1681 ca
1506 1651 1661 1694 pertinentia
1674 1647 1744 1696 officii
1755 1647 1818 1697 plene
1828 1664 1917 1686 probat.

1369 1706 1387 1730 2
1410 1694 1486 1736 Caſus
1498 1695 1571 1738 c.poſt
1581 1698 1705 1738 ceßionem
1714 1705 1767 1728 ext.
1777 1697 1807 1729 de
1812 1698 1912 1739 probat.

1368 1753 1382 1785 3
1402 1744 1610 1785 Delegationes,
1636 1742 1669 1775 &
1674 1743 1893 1787 ſubdelegationes
1898 1746 2035 1788 probantur

1464 1798 1511 1830 per
1515 1788 1599 1831 ſigilla
1605 1790 1733 1833 judicum.

1367 1887 1394 1955 †
1394 1887 1447 1969 E

1447 1887 1479 1932 St
1490 1898 1612 1931 quoque
1625 1890 1765 1932 ſcriptura
1784 1891 1980 1929 authentica,
1999 1892 2032 1924 &
2042 1899 2057 1920 1

1447 1925 1565 1969 plenam
1574 1925 1666 1959 fidem
1688 1925 1758 1960 facit
1766 1925 1975 1960 documentum
1986 1926 2033 1968 ju-

1365 1971 1447 2015 dicis,
1460 1982 1508 2004 aut
1517 1973 1637 2007 alterius
1645 1974 1794 2008 Officialis
1801 1976 1878 2007 circa
1888 1982 2032 2017 pertinen-

1366 2023 1405 2052 tia
1412 2019 1447 2051 ad
1459 2018 1544 2058 ſuum
1544 2018 1698 2058 officium,
1708 2031 1761 2063 per
1772 2022 1826 2052 tex.
1830 2020 1853 2064 in
1863 2032 1884 2051 c.
1893 2021 1943 2064 poſt
1954 2020 2032 2063 ceßio-

1364 2070 1426 2102 nem
1426 2070 1458 2102 7.
1468 2071 1523 2094 ext.
1536 2063 1565 2095 de
1576 2064 1677 2105 probat.
1699 2061 1751 2096 ubi
1762 2066 2030 2097 excommunicatio

1364 2120 1503 2168 probatur
1511 2132 1564 2165 per
1573 2115 1938 2171 documentumEpiſcopi.
1939 2112 1971 2174 †
1973 2115 2033 2165 Ca-
2042 2117 2058 2139 2

1984 2168 2032 2196 ſus
