1728 2706
531 530 559 581 Ʒ
587 535 810 573 — drachma
835 528 993 582 — ℈iij.

522 600 550 641 ℈
591 598 827 642 — scrupulus
837 597 935 645 —gr.
951 603 1009 630 xx.

524 678 563 710 gr
595 676 737 710 granum.

523 731 576 769 gt
576 729 751 768 — gutta.

524 787 546 818 β
569 777 730 815 — semis.

524 845 572 880 ââ.
595 853 649 877 seu
669 851 748 883 ana,
770 840 803 873 id
820 848 866 874 est
881 838 1024 874 totidem.

522 908 628 940 Mens.
653 913 706 938 seu
726 911 868 937 mensura
886 901 984 935 habet
1003 893 1101 942 ℔iv.

524 964 713 1013 Manip.—
735 960 924 1008 manipulus.

539 1197 1008 1242 MATERIA
1065 1195 1479 1250 MEDICA,

941 1300 1047 1325 SEU

782 1361 1331 1423 CLASSES

580 1481 1058 1525 MEDICAMENTORUM
1083 1478 1419 1523 INTERNORUM.

688 1671 962 1706 VOMITORIA
999 1678 1064 1704 SEU
1096 1653 1340 1706 EMETICA.

515 1740 578 1786 D
590 1773 710 1792 ANTUR
727 1766 756 1804 si
771 1776 839 1803 bilis
857 1772 1008 1792 corrupta,
1030 1761 1078 1801 vel
1099 1763 1156 1806 cibi
1169 1762 1304 1807 currupti
1318 1763 1347 1803 in
1364 1763 1475 1807 ventri-

611 1829 679 1861 culo
690 1834 771 1860 sunt.
793 1826 881 1871 Quod
898 1826 1033 1858 noscitur
1043 1836 1079 1856 ex
1087 1836 1196 1855 nausea
1214 1832 1245 1851 et
1254 1824 1356 1862 lingua
1367 1835 1475 1853 amara.

513 1889 622 1926 Pulvis
643 1883 757 1923 radicis
772 1882 1006 1927 Ipecacuanhae
1021 1897 1068 1924 gr.
1091 1896 1150 1914 xv.

514 1955 668 1990 Tartarus
687 1948 831 1986 emeticus
849 1958 896 1990 gr.
918 1948 955 1988 ij.

508 2010 598 2048 Potio
622 2009 760 2046 emetica.
802 2011 850 2041 Ex
878 2020 909 2049 4.
936 2019 983 2049 gr.
1015 2011 1127 2038 tartari
1151 2011 1261 2037 emetici
1283 2017 1312 2034 et
1330 2018 1360 2046 4.
1389 2007 1485 2036 unciis

609 2087 701 2121 aquae
720 2083 858 2114 constat,
881 2082 911 2109 et
928 2074 1095 2110 cochleatim
1116 2075 1229 2107 datur.

512 2135 677 2170 Vomitoria
701 2142 807 2166 nocent
819 2133 989 2175 gravidis,
1011 2133 1172 2170 herniosis,
1194 2139 1225 2159 et
1243 2131 1293 2166 qui
1309 2132 1475 2166 sanguinem

605 2209 728 2237 vomunt
743 2201 793 2235 vel
811 2207 930 2246 spuunt.
973 2200 1034 2234 His
1057 2199 1142 2232 debet
1158 2203 1289 2239 purgans
1307 2192 1382 2232 dari.
