1613 2387
164 481 296 629 H

296 515 370 558 Æc
387 511 571 554 diſtinctio
588 509 785 551 maximam
800 507 840 548 in
848 507 938 550 foro
955 512 1030 550 Ro-

296 578 443 605 mano
462 567 651 618 præbebat
674 564 880 606 vtilitatem.
933 564 1033 605 Ludi

326 609 427 644 enim
450 611 544 653 artis
551 620 597 661 v.
617 620 670 672 gr.
693 616 909 653 haſtiludia,
936 616 1027 655 item

166 668 320 715 quando
329 666 493 720 pretium
517 666 552 707 ei
569 665 805 710 decernitur,
827 664 893 716 qui
905 661 1034 703 ſaltan-

170 720 244 760 do,
255 719 516 773 digladiando,
528 718 766 771 perorando,
776 719 845 757 &c.
870 715 1036 767 reliquos

170 768 307 815 vincit,
317 770 396 809 iure
405 770 580 809 Romano
594 771 755 806 omnino
766 779 870 806 erant
882 768 1033 818 permiſ-

169 821 218 866 ſi,
231 836 266 862 v.
275 824 334 870 l.3.
337 822 384 876 ff.
392 832 459 863 h.t.
509 823 564 863 At
581 834 674 862 vero
682 822 763 861 ludi
762 822 922 872 fortunæ
936 832 971 856 v.
985 831 1038 869 gr.

171 880 324 926 quando
336 879 474 921 teſſeris
486 877 647 921 luditur,
662 888 735 914 nec
743 887 825 915 non
831 875 912 914 ludi
920 879 1040 921 mixti,

170 941 206 967 v.
216 941 268 981 gr.
286 932 419 973 chartis
428 931 572 974 luſoriis
587 932 625 972 &
639 931 837 976 ſimilibus,
856 930 900 967 in
913 938 1039 968 totum

171 984 354 1033 prohibiti
364 995 488 1029 erant,
497 983 509 1021 l.
519 975 557 1033 f.
565 985 602 1022 C.
609 981 679 1022 h.t.
729 981 862 1022 Hodie
870 993 952 1019 non
960 992 1043 1017 mo-

175 1026 228 1066 do
244 1029 396 1084 plurimi
404 1032 491 1071 DD.
500 1032 708 1073 teſtantur,
730 1032 795 1066 ſed
814 1034 1043 1078 experientia

174 1096 331 1139 quoque
349 1088 427 1127 hoc
435 1086 682 1138 comprobat,
704 1097 837 1125 omnes
849 1086 959 1125 ludos
971 1088 1041 1127 eſſe

172 1138 387 1189 permiſſos,
403 1136 546 1188 quippe
560 1136 627 1176 qui
643 1136 804 1176 maxime
811 1137 853 1174 in
860 1139 943 1186 ipſis
953 1141 1043 1175 aulis

174 1188 481 1239 frequentantur,
505 1187 541 1228 &
556 1178 631 1233 illi,
644 1181 711 1238 qui
727 1186 897 1227 ludendo
912 1191 1040 1225 ſuccu-

173 1235 358 1281 buerunt,
382 1235 429 1273 ad
435 1235 627 1288 perditum
641 1238 866 1274 ſoluendum
881 1245 1042 1273 omnino

178 1291 465 1345 adſtringuntur.
514 1291 553 1343 a)
573 1290 679 1332 Hinc
691 1290 751 1330 ſua
766 1292 901 1344 ſponte
916 1297 1045 1330 conſe-

178 1341 327 1395 quitur,
353 1343 509 1388 adlatam
526 1343 803 1386 diſtinctionem
820 1350 920 1383 apud
927 1353 1048 1383 nos
1010 1353 1049 1398 in

176 1403 283 1454 praxi
299 1402 448 1446 nullum
460 1400 559 1453 vſum
580 1399 736 1459 amplius
749 1396 929 1455 præſtare.
960 1407 1047 1442 Alia

178 1454 333 1503 quæſtio
351 1447 420 1494 eſt:
445 1465 575 1494 annon
590 1453 782 1509 Principes
799 1457 932 1490 melius
947 1459 1047 1490 face-

177 1517 287 1545 rent,
297 1505 323 1545 ſi
338 1505 640 1560 prohibitionem
656 1507 745 1548 iuris
754 1508 916 1543 Romani
931 1511 972 1542 in
984 1511 1045 1543 fo-

178 1556 224 1592 ro
246 1551 385 1592 iterum
407 1554 724 1592 introducerent?
759 1567 874 1600 quam
889 1563 1047 1598 quidem

180 1598 429 1647 affirmamus,
454 1605 519 1640 ſed
539 1610 586 1639 ad
600 1618 673 1639 nos
692 1620 776 1636 non
792 1614 957 1648 pertinet
974 1621 1048 1648 po-

178 1656 287 1697 teſtas
310 1653 558 1707 legislatoria,
585 1670 659 1693 nec
684 1662 795 1691 etiam
819 1665 1009 1703 principes
1028 1676 1048 1691 a

178 1709 293 1751 nobis
308 1707 584 1754 deſiderarunt,
599 1719 641 1748 vt
657 1712 728 1746 hac
739 1710 846 1758 parte
860 1715 944 1758 ipſis
955 1726 1048 1748 con-

181 1761 254 1803 ſilia
270 1762 316 1803 ad
329 1753 449 1803 nouas
464 1758 564 1812 leges
571 1762 744 1801 ferendas
753 1763 1047 1811 fuppeditemus.

179 1811 281 1854 Ergo
297 1810 571 1867 expectandum
584 1815 637 1851 eſt
652 1821 822 1863 tempus,
844 1820 908 1849 vbi
922 1822 1049 1852 forſan

181 1854 263 1907 ludi
286 1863 449 1905 fortunæ
472 1863 509 1900 &
532 1865 641 1899 mixti
660 1874 819 1911 propter
844 1877 1050 1898 maximum

183 1932 317 1965 eorum
341 1922 521 1969 abuſum,
545 1918 747 1976 præſertim
763 1926 863 1974 apud
878 1928 1048 1964 iuuenes,

184 1967 253 2018 qui
268 1970 399 2035 negari
423 1978 485 2035 non
506 1972 653 2031 poteſt,
667 1973 806 2012 iterum
818 1979 1052 2022 abrogabun-

186 2035 264 2074 tur.
