1887 2676
374 358 470 395 LIB.
470 358 543 395 III.
543 358 637 395 DE
637 358 793 395 FALSA
793 358 1065 395 SAPIENTIA.

1132 354 1205 395 181

240 439 462 490 philoſophos
483 449 602 474 omnes
624 448 734 472 cæcos
758 447 859 485 atque
880 434 1074 482 inſipientes
1087 433 1205 478 fuiſſe,

241 491 316 539 qui,
331 493 425 540 quod
439 493 485 529 eſt
497 491 630 528 homini
645 490 809 526 ſummum
825 488 954 523 bonum
970 487 1207 529 conſtitutum,

240 561 305 585 nec
318 548 457 593 videre,
471 560 536 583 nec
556 545 762 594 intelligere,
778 556 839 580 nec
854 543 1008 591 ſuſpicari
1022 542 1205 590 aliquando

242 610 440 650 potuerunt.
462 602 703 647 Anaxagoras,
734 610 810 632 cum
838 596 880 631 ab
906 608 948 631 eo
977 605 1205 643 quæreretur,

241 657 337 704 cujus
350 657 402 693 rei
420 657 516 693 cauſa
532 664 630 692 natus
648 656 747 700 eſſet,
770 651 964 700 reſpondit,
978 653 1059 687 cœli
1074 666 1112 687 ac
1125 652 1207 688 ſolis

242 715 391 753 videndi.
414 715 512 751 Hanc
530 724 658 748 vocem
670 711 874 747 admirantur
890 719 1028 751 omnes,
1042 719 1078 742 ac
1094 707 1206 753 philo-

241 769 351 818 ſopho
371 767 503 816 dignam
518 765 684 812 judicant.
704 767 748 800 At
764 776 829 813 ego
843 763 934 798 hunc
954 774 1057 809 puto,
1071 773 1142 797 non
1156 762 1207 796 in-

242 825 437 862 venientem
459 821 540 872 quid
564 821 805 871 reſponderet,
823 819 970 858 effudiſſe
991 820 1057 855 hoc
1075 817 1209 864 paſſim,

240 893 288 918 ne
309 887 444 916 taceret.
466 879 564 926 quod
584 876 723 927 quidem
743 876 870 916 ſecum,
889 876 913 910 ſi
928 872 1056 922 ſapiens
1078 872 1207 917 fuiſſet,

244 942 513 982 commentatum
530 935 567 971 &
580 933 778 970 meditatum
791 931 913 967 habere
927 928 1058 972 debuit;
1078 928 1173 975 quia,
1186 928 1210 961 ſi

206 985 320 1036 quis
333 988 501 1029 rationem
514 987 563 1022 ſui
578 984 723 1030 neſciat,
737 997 779 1020 ne
793 983 902 1021 homo
925 983 963 1019 ſit
979 983 1123 1022 quidem.
1144 982 1209 1018 Sed

244 1052 423 1087 putemus,
451 1051 523 1074 non
549 1050 592 1073 ex
617 1048 773 1085 tempore
799 1036 924 1074 dictum
950 1027 1036 1073 illud
1062 1034 1212 1071 effuſum.

245 1105 452 1144 Videamus,
473 1102 504 1147 in
523 1102 633 1139 tribus
649 1100 766 1138 verbis
780 1107 868 1149 quot
890 1100 929 1135 &
946 1105 1071 1146 quanta
1088 1107 1216 1143 pecca-

247 1153 364 1187 verit:
386 1155 555 1195 primum,
577 1152 679 1194 quod
700 1161 805 1182 omne
829 1148 980 1181 hominis
1001 1146 1151 1180 officium
1174 1140 1212 1178 in

239 1215 327 1261 ſolis
345 1213 458 1252 oculis
477 1211 613 1260 poſuit,
634 1210 720 1248 nihil
737 1211 781 1250 ad
802 1217 952 1250 mentem
970 1206 1135 1252 referens,
1155 1206 1211 1243 ſed

246 1269 289 1306 ad
303 1279 428 1317 corpus
455 1266 580 1313 omnia.
603 1261 675 1318 Quid
701 1266 726 1302 ſi
740 1277 850 1311 cæcus
861 1258 1007 1309 fuiſſet?
1016 1264 1213 1301 officiumne

245 1320 399 1354 hominis
422 1319 613 1357 amitteret;
633 1314 728 1361 quod
751 1314 824 1354 fieri
851 1313 920 1349 ſine
944 1310 1066 1347 occaſu
1090 1309 1212 1345 animæ

247 1391 318 1416 non
332 1377 463 1426 poteſt?
477 1377 561 1426 quid
573 1383 694 1412 ceteræ
708 1372 864 1423 corporis
878 1373 1010 1422 partes?
1025 1382 1104 1408 num
1121 1383 1216 1407 care-

246 1434 334 1470 bunt
356 1432 421 1468 ſuis
434 1442 577 1479 quæque
591 1428 810 1467 muneribus?
831 1427 943 1473 Quid,
962 1426 1057 1473 quod
1075 1426 1149 1473 plus
1167 1426 1215 1461 eſt

248 1487 283 1523 in
305 1485 457 1530 auribus,
472 1496 573 1533 quam
589 1482 623 1519 in
637 1482 767 1527 oculis,
780 1481 900 1518 ſitum?
920 1480 1082 1528 quoniam
1099 1482 1135 1516 &
1152 1481 1216 1515 do-

249 1542 376 1588 ctrina,
403 1543 441 1578 &
467 1539 644 1590 ſapientia,
671 1538 800 1588 percipi
822 1538 958 1577 auribus
983 1537 1062 1574 ſolis
1084 1534 1217 1584 poteſt,

250 1598 361 1635 oculis
376 1597 456 1633 ſolis
467 1608 543 1632 non
555 1594 680 1643 poteſt.
703 1592 798 1632 Cœli
820 1607 858 1631 ac
873 1593 951 1630 ſolis
966 1590 1107 1629 videndi
1121 1589 1218 1628 cauſa

249 1660 349 1689 natus
373 1650 429 1688 es?
445 1650 535 1696 Quis
553 1660 587 1686 te
609 1649 644 1684 in
656 1648 725 1685 hoc
744 1646 966 1695 ſpectaculum
983 1645 1140 1682 induxit?
1158 1653 1216 1685 aut

250 1705 334 1747 quid
347 1705 442 1736 eœlo
463 1713 643 1745 rerumque
659 1711 788 1731 naturæ
802 1698 890 1733 viſio
912 1707 969 1729 tua
990 1693 1146 1729 confert?
1162 1686 1217 1728 ni-

250 1762 378 1799 mirum
386 1769 426 1796 ut
433 1760 507 1796 hoc
518 1758 719 1807 immenſum
732 1758 770 1794 &
779 1755 975 1794 admirabile
988 1767 1074 1804 opus
1089 1753 1218 1791 laudes.

252 1817 427 1857 Conſitere
446 1827 550 1863 ergo,
568 1826 681 1851 rerum
698 1812 855 1851 omnium
876 1814 938 1850 eſſe
955 1811 1216 1848 conſtitutorem

253 1875 385 1918 Deum,
398 1871 457 1919 qui
470 1879 506 1907 te
515 1870 556 1906 in
564 1870 657 1908 hunc
669 1866 855 1910 mundum,
868 1867 959 1915 quaſi
974 1867 1087 1903 teſtem
1103 1865 1215 1901 lauda-

253 1936 431 1978 toremque
440 1926 525 1964 tanti
535 1926 585 1962 ſui
596 1924 724 1974 operis,
734 1923 882 1962 induxit.
896 1923 1059 1971 Magnum
1072 1922 1135 1958 eſſe
1148 1933 1222 1958 cre-

253 1984 324 2029 dis,
342 1982 454 2019 videre
473 1980 598 2018 cœlum
620 1992 659 2015 ac
679 1979 795 2015 ſolem.
816 1989 877 2014 cur
897 1986 979 2022 ergo
1002 1974 1123 2023 gratias
1143 1986 1217 2009 non

254 2040 324 2086 agis
336 2038 386 2083 ei,
399 2039 458 2087 qui
468 2038 566 2086 hujus
578 2036 733 2075 beneficii
750 2038 867 2074 auctor
879 2035 945 2073 eſt?
960 2047 1023 2071 cur
1033 2045 1104 2071 non
1118 2032 1220 2080 ipſius

253 2085 428 2136 virtutem,
439 2087 712 2137 providentiam,
726 2087 926 2135 poteſtatem
941 2085 1067 2122 metiris
1081 2085 1217 2127 animo,

932 2150 985 2199 M
985 2150 1023 2199 3
