2460 2889
324 750 479 794 affectui
499 747 698 800 auaritiae,
728 754 779 790 ita
803 757 845 789 vt
873 752 1215 800 praeſentiſſimum
1234 748 1348 793 etiam
1373 754 1478 793 vitae
1500 755 1604 802 peri-

322 808 450 846 culum
482 807 608 845 ſubire
640 818 719 845 non
753 808 904 846 dubitet
927 808 1011 857 ille,
1053 808 1117 856 qui
1143 809 1250 848 dicto
1272 810 1414 850 affectu
1431 810 1478 848 ad
1495 819 1607 850 com-

321 863 549 906 mittendum
568 865 722 913 aliquod
743 865 926 905 delictum
945 864 1178 914 impellitur,
1211 867 1318 905 vnde
1341 867 1476 915 Virgil.

437 950 455 958 -
500 949 529 969 -
573 929 666 979 quid
687 942 768 968 non
789 929 963 968 mortalia
978 929 1141 980 pectora
1161 927 1294 978 cogis,

537 986 640 1024 Auri
656 985 758 1023 ſacra
774 974 908 1024 fames.

319 1048 367 1088 Et
387 1031 563 1089 Manilius
594 1046 751 1085 Aſtron.
778 1045 801 1082 l.
826 1056 860 1092 4.
883 1047 987 1093 apud
1022 1047 1185 1088 Pufend.
1213 1047 1262 1086 de
1294 1049 1323 1089 I.
1345 1049 1394 1093 N.
1412 1054 1451 1089 et
1466 1048 1511 1090 G.
1527 1049 1552 1089 l.
1567 1059 1601 1087 2.

319 1110 357 1169 c.
383 1127 415 1156 I.
434 1118 470 1161 §.
489 1112 532 1152 6

429 1191 455 1216 -
501 1166 537 1207 -
537 1166 685 1208 Nullo
702 1171 890 1206 votorum
913 1165 992 1208 fine
1008 1168 1111 1208 beati

430 1227 618 1270 Victuros
635 1223 778 1276 agimus
804 1225 972 1275 ſemper,
1001 1237 1077 1264 nec
1093 1226 1260 1266 viuimus
1277 1236 1445 1278 vnquam

428 1281 722 1335 Pauperiorque
737 1282 849 1323 bonis
871 1282 1035 1336 quisque
1053 1283 1129 1334 eſt,
1154 1295 1232 1336 quo
1250 1285 1360 1333 plura
1378 1285 1560 1336 requirit,

425 1343 513 1385 Nec
531 1339 637 1394 quod
658 1343 799 1395 habet,
832 1348 1034 1396 numerat,
1077 1349 1223 1384 tantum
1237 1342 1347 1396 quod
1362 1354 1444 1386 non
1461 1345 1602 1394 habet,

705 1417 825 1463 optat.

434 1466 649 1519 Quumque
668 1465 722 1508 ſui
741 1477 882 1518 paruos
903 1466 993 1509 vſus
1015 1474 1149 1509 natura
1164 1466 1359 1518 repoſcat,

437 1525 638 1566 Materiam
656 1526 834 1563 ſtruimus
857 1521 1019 1573 magnae
1039 1529 1112 1572 per
1130 1532 1226 1563 vota
1246 1525 1403 1573 ruinae,

436 1583 727 1626 Luxuriamque
757 1578 870 1618 lucris
889 1572 1093 1628 emimus,
1106 1582 1280 1628 luxuque
1299 1579 1475 1625 rapinas,

435 1637 484 1673 Et
501 1638 689 1675 ſummum
711 1634 845 1674 cenſus
867 1635 1037 1684 pretium
1061 1638 1115 1675 eſt
1134 1637 1336 1676 effundere
1351 1637 1538 1676 cenſum.

309 1701 399 1741 Non
421 1701 564 1747 accipit
581 1700 704 1741 Iudex
720 1698 970 1749 philoſophus
990 1697 1106 1747 dona,
1130 1709 1206 1737 nec
1229 1703 1504 1741 commouetur
1520 1701 1593 1743 illis

306 1757 443 1796 iniuſte
484 1765 631 1802 agere,
652 1757 772 1792 immo
798 1767 849 1793 ne
878 1755 1048 1796 reddere
1080 1754 1246 1805 quidem
1256 1754 1418 1796 alterius
1444 1758 1593 1798 cauſam

309 1815 538 1857 duriorem.
581 1811 718 1865 Inique
737 1812 866 1861 potius
883 1814 984 1863 fert,
1017 1815 1173 1864 quando
1198 1815 1252 1854 illi
1272 1814 1493 1856 offeruntur
1520 1814 1590 1856 do-

305 1891 381 1918 na,
413 1872 578 1911 attamen
596 1881 678 1910 eam
702 1871 756 1910 ob
792 1872 939 1914 cauſam
967 1873 1200 1913 offerentem
1225 1884 1306 1911 non
1333 1873 1592 1923 condemnat,

305 1937 454 1984 cautius
470 1934 602 1977 potius
618 1928 717 1979 agit,
744 1927 970 1979 cauſamque
985 1930 1119 1971 maiori
1139 1929 1405 1980 perſcrutatur
1429 1931 1590 1981 diligen-

302 1993 383 2048 tia,
413 1997 461 2041 vt
476 1988 721 2036 experiatur,
755 1994 834 2035 quo
865 1983 991 2026 animo
1022 2000 1108 2036 pars
1133 1988 1285 2037 litigans
1312 1989 1383 2036 ipſi
1402 1990 1589 2029 obtulerit

302 2055 416 2087 dona.
466 2046 630 2084 Maxima
651 2033 791 2092 Iudicis
811 2054 904 2083 cura
927 2054 976 2084 eo
994 2043 1145 2094 ſemper
1168 2043 1315 2095 tendit,
1351 2051 1397 2084 vt
1413 2045 1488 2086 viri
1513 2048 1586 2086 bo-

301 2115 343 2171 ni
359 2118 500 2162 nomen
520 2105 715 2142 mereatur
725 2094 848 2151 atque
870 2102 1047 2147 retineat.
1120 2102 1269 2144 Maiora
1293 2114 1373 2142 non
1392 2102 1589 2151 promittit

299 2170 507 2214 priuatim,
555 2170 652 2212 quae
679 2160 851 2209 publice
871 2158 1058 2219 partibus
1071 2174 1154 2202 non
1184 2164 1314 2212 poteſt
1348 2162 1586 2208 concedere.

301 2237 519 2264 Contentus
543 2223 598 2263 eſt
621 2220 782 2270 Salario,
806 2221 1073 2265 accidentibus
1103 2221 1221 2264 ſolitis
1256 2233 1372 2273 atque
1395 2222 1589 2276 ſportulis,

302 2302 343 2346 et
357 2293 456 2346 licet
473 2302 555 2333 non
572 2283 645 2324 ſint
661 2281 883 2329 vberiores,
902 2292 975 2331 per
993 2279 1122 2325 illicita
1138 2290 1268 2324 tamen
1285 2291 1347 2322 eas
1371 2291 1452 2324 non
1475 2291 1590 2333 auge-
