1677 2347
678 387 719 419 28

1001 381 1205 407 PARAENESIS

677 465 825 502 cauſſa*
854 460 1054 512 Theologiæ
1094 460 1244 500 ſtudium
1285 460 1520 512 ingredimini,

678 502 737 550 ſed
755 507 863 546 animo
889 506 954 545 fuci
989 518 1145 558 experte,
1171 506 1229 556 qui
1239 509 1377 558 gloriam
1390 510 1517 546 viuentis

676 556 739 608 Dei
761 566 955 610 quærit**;
988 564 1074 601 beati
1110 562 1275 605 omnino,
1299 563 1357 613 qui
1374 562 1432 599 huc
1450 562 1517 600 ani-

675 626 772 651 mum
797 612 955 665 dirigitis,
976 628 1014 651 vt
1030 614 1180 659 primum
1193 627 1250 650 vos
1263 618 1355 663 ipſos,
1378 617 1435 656 &,
1449 615 1517 652 hoc

675 663 797 702 ordine
820 679 889 703 rem
904 660 1066 717 adgreſſi,
1101 667 1182 701 alios
1202 677 1351 712 quoque,
1382 667 1439 714 qui
1460 675 1518 701 vos

673 720 820 763 audient,
850 723 1066 768 ſeruetis.***
1128 724 1223 761 Beati
1243 722 1336 763 eſtis,
1364 722 1423 772 qui
1441 730 1518 758 ante

676 773 793 809 omnia
808 774 974 821 ſuperſtrui
998 775 1091 821 ſuper
1098 771 1347 821 fundamentum
1364 775 1518 821 Apoſtolo-

674 837 746 858 rum
765 837 803 858 ac
824 824 1048 871 Prophetarum
1070 824 1214 872 cupitis,
1260 826 1409 871 exſiſtente
1455 829 1518 860 imo

673 881 819 924 angulari
826 879 928 926 lapide
936 880 996 927 ipſo
1008 884 1075 926 Ieſu
1090 884 1297 927 Chriſto.****
1327 882 1420 922 Beati
1431 882 1517 924 eſtis,

674 940 810 974 quorum
824 921 982 965 oblectatio
996 933 1033 976 eſt
1047 933 1079 965 in
1092 929 1198 966 verbo
1211 930 1305 976 Dei,
1328 929 1422 967 ſacris
1431 931 1517 966 litte-

674 980 717 1016 ris
725 975 984 1029 comprehenſo,
998 982 1031 1017 &
1047 982 1103 1030 qui
1114 980 1153 1016 de
1165 992 1200 1015 eo
1216 982 1411 1018 meditamini
1425 984 1518 1017 inter-

672 1033 728 1066 diu
752 1035 789 1065 ac
816 1031 954 1070 noctu*;
993 1032 1053 1077 qui
1092 1025 1167 1065 non
1196 1030 1307 1069 modo
1321 1030 1518 1069 teſtimoni-

672 1095 733 1118 um
747 1081 914 1132 ſcripturæ
931 1083 972 1119 de
982 1084 1123 1121 Chriſto
1143 1082 1280 1126 diſcitis,
1313 1073 1368 1131 ſed
1383 1083 1516 1134 inſuper

672 1146 709 1171 ea
726 1144 841 1171 mente
855 1133 1052 1176 admittitis,
1090 1144 1129 1171 vt
1157 1133 1204 1169 ad
1212 1134 1352 1172 eumdem
1365 1137 1517 1172 veniatis,

673 1204 713 1229 vt
730 1193 789 1239 (ab
806 1192 883 1242 illo)
900 1193 999 1228 vitam
1014 1191 1223 1234 habeatis,**
1246 1203 1343 1242 atque
1355 1205 1392 1226 ex
1418 1194 1515 1239 pleni-

671 1241 780 1282 tudine
792 1241 879 1288 ipſius
894 1242 1083 1291 accipiatis
1064 1235 1098 1295 &
1111 1240 1248 1290 gratiam
1257 1253 1316 1290 pro
1328 1246 1517 1290 gratia.***

672 1302 769 1339 Beati
784 1300 886 1343 eſtis,
914 1298 938 1334 ſi
961 1299 1103 1349 quidem
1130 1294 1185 1347 ſic
1198 1298 1350 1346 accepiſtis
1366 1303 1516 1349 Chriſtum

671 1347 777 1392 Ieſum
803 1348 992 1385 Dominum,
1023 1349 1062 1384 &
1076 1348 1110 1381 in
1130 1358 1163 1381 eo
1175 1346 1366 1385 ambulatis,
1385 1343 1517 1383 radicati

674 1406 716 1442 &
723 1403 921 1454 ſuperſtructi
939 1406 973 1437 in
993 1414 1048 1442 eo,
1083 1413 1122 1437 ac
1131 1402 1314 1451 confirmati
1322 1403 1415 1453 fide,
1437 1405 1517 1451 ſicut

673 1451 773 1487 edocti
790 1449 871 1492 eſtis,
890 1446 1082 1485 exundantes
1095 1460 1133 1484 ea
1147 1461 1219 1484 cum
1229 1453 1408 1498 gratiarum
1423 1450 1516 1486 actio-

672 1510 804 1548 ne.****
865 1507 958 1547 Beati
980 1504 1080 1547 eſtis,
1120 1503 1315 1556 quicunque
1344 1506 1516 1554 depoſitum,

671 1557 778 1609 (opes
798 1572 883 1596 veræ
897 1557 1083 1609 ſapientiæ)
1108 1562 1290 1606 cuſtoditis,
1323 1566 1384 1607 qui
1394 1562 1516 1609 auerſa-

672 1612 753 1647 mini
758 1610 908 1660 profanos
922 1608 988 1645 illos
1002 1608 1040 1646 de
1054 1608 1142 1647 rebus
1155 1611 1297 1649 inanibus
1320 1610 1470 1648 clamores
1480 1608 1515 1648 &

1425 1687 1517 1727 oppo-

793 1767 897 1797 *Phil.
907 1766 952 1799 lll,
967 1763 1006 1797 19.

790 1802 854 1830 **1
873 1800 944 1831 Cor.
957 1800 1000 1835 X,
1021 1804 1109 1834 10.31.

793 1840 863 1866 ***1
879 1840 953 1867 Tim.
963 1839 1010 1871 IV,
1021 1841 1061 1866 16.

791 1882 860 1904 ****
881 1881 950 1918 Eph.
961 1879 997 1914 ll,
1014 1888 1058 1907 20.

793 1925 918 1958 *Pſalm.
927 1926 953 1958 I,
966 1923 1017 1954 2.

794 1973 893 2005 **Ioh.
906 1973 944 2003 V.
964 1977 1016 2006 40.

793 2015 914 2047 ***Ioh.
926 2016 951 2049 I,
961 2016 998 2044 16.

793 2057 932 2105 ****Col.
940 2062 985 2101 II,
998 2064 1027 2105 6.
1035 2063 1063 2105 7.
