1650 2198
139 299 205 351 ſtat,
217 305 265 354 pro
285 298 439 347 deſertis,
460 301 513 349 eos
521 298 657 337 habere
667 297 828 338 creditur
835 299 926 337 lice-

107 358 259 409 bitque
274 368 369 405 tum,
386 355 500 409 atque
509 358 593 397 imò
604 357 798 409 oportebit
806 371 871 396 eos
881 357 924 396 ſi-

139 419 248 457 bimet
261 416 343 468 ipſis
353 416 582 469 proſpicere:
607 416 650 455 Id
664 416 773 466 quod
773 415 923 466 accidit,

135 463 240 520 ſicubi
255 463 408 524 captivos
421 468 606 508 redimere
615 465 735 507 ceſſet.
791 469 925 519 Quan-

141 527 175 563 tò
183 531 309 562 autem
320 524 436 576 ſpatiô
444 525 723 563 redemtionem
731 523 922 574 expectare

142 579 241 619 miles
263 580 428 631 captivus
443 574 640 623 teneatur?
670 582 759 630 Lege
783 586 846 617 non
863 578 924 617 de-

139 641 280 688 finitur;
307 638 459 679 aliunde
469 651 563 691 ergo
577 634 806 687 ſumendum:
826 639 918 680 Nim.

142 685 179 732 ex
189 693 267 744 quo
275 693 470 745 Stipendia
481 693 649 731 militum
663 693 699 730 &
707 705 773 743 per
780 690 925 732 menſes

143 743 331 789 conſtituta
342 748 444 798 ſunt;
462 747 520 795 ſic,
530 754 573 785 ut
581 748 714 798 quovis
731 747 855 788 menſe
870 750 926 788 vi-

150 810 272 848 deatur
280 808 524 849 miniſterium
536 810 761 859 cujusque
731 803 751 857 &
775 809 878 848 finiri
889 811 928 852 &

145 862 395 914 redintegrari,
406 864 444 902 &
452 862 541 914 juſte
552 875 708 912 quoque
716 862 926 905 abſentibus

142 926 306 962 currrunt:
317 921 497 973 Moribus
497 921 603 973 cepit
625 922 647 960 &
651 922 802 972 Lytrum
811 919 856 960 ad
867 933 924 960 ra-

141 973 278 1012 tionem
306 969 481 1026 ſtipendii
498 973 716 1025 captivorum
741 974 924 1023 cujusque

140 1022 337 1079 menſurari,
348 1028 374 1080 &
391 1029 616 1069 redimendis
627 1027 760 1067 iisdem
775 1036 922 1068 tantum

140 1088 273 1142 ſpatium
293 1083 491 1146 indulgeri;
503 1100 535 1127 ut
542 1088 606 1127 ſuo
613 1087 779 1140 quisque
788 1087 923 1140 ſtipen-

141 1146 192 1185 diô
195 1143 349 1186 liberari
358 1142 534 1186 videatur.
592 1141 707 1194 Lapſo
724 1152 921 1195 tempore,

140 1201 314 1255 neglecti,
305 1199 466 1256 ſibique
475 1204 600 1244 relicti
614 1202 812 1247 videntur;
829 1216 873 1242 ac
894 1203 922 1243 ſi

141 1267 214 1296 non
227 1259 379 1298 aliunde
395 1258 578 1310 accipiant
596 1270 677 1310 quo
695 1259 731 1297 ſe
746 1258 919 1308 liberent,

142 1309 334 1355 miniſteria
347 1310 414 1355 ſua
422 1315 520 1354 Parti
539 1312 693 1357 adverſæ
705 1315 806 1354 licitè
820 1312 920 1354 addi-

142 1380 261 1409 cunt.
289 1370 467 1419 Maturius
477 1366 512 1419 id
531 1366 719 1425 facientes,
722 1375 920 1425 recupera-

143 1423 172 1461 ti
182 1415 234 1463 ad
241 1421 476 1462 decurſiones
483 1420 643 1473 virgatas
662 1422 919 1462 condemnan-

143 1472 231 1529 tur.
231 1469 443 1529 Exempla
460 1476 572 1520 refert
589 1479 779 1519 Svvarzius
802 1481 917 1519 Decis.

141 1537 341 1587 milit.verb.
344 1532 594 1595 Gefangene.
615 1533 676 1598 ubi
687 1545 858 1595 provocat
869 1538 916 1580 ad

141 1591 274 1642 Bürger
280 1594 379 1632 Cent.
386 1595 416 1636 I.
429 1590 506 1639 Obſ.
510 1592 638 1635 XXXI.
644 1591 718 1641 inf.
725 1599 767 1641 p.
779 1595 834 1638 67.

190 1654 222 1699 §.
239 1655 284 1695 lI.
313 1651 617 1695 Declarationem
633 1661 761 1691 tamen
781 1650 915 1693 admit-

140 1706 195 1749 tit,
211 1716 249 1756 ut
255 1708 505 1759 Computatio
514 1721 563 1748 ne
572 1708 634 1748 fiat
640 1706 856 1753 naturaliter
870 1706 920 1748 de

140 1769 333 1803 momento
351 1759 397 1800 ad
407 1752 665 1811 momentum;
677 1758 727 1815 ſed
740 1758 917 1812 civiliter,

141 1811 220 1856 cum
229 1805 482 1874 ſuperpondio
501 1810 648 1871 aliquot
668 1817 832 1858 dierum:
861 1828 917 1857 at-

958 483 1028 516 393

958 1176 1043 1211 394

942 1668 1009 1705 395
