2548 2753
897 439 981 481 imo
1004 426 1210 494 ſequelam
1231 438 1309 482 eſſe
1320 432 1520 483 hodierni
1539 438 1640 483 Iuris
1665 430 1920 496 Principum
1934 432 2082 484 faciem
2101 442 2249 487 Comi-

901 504 1056 546 tiorum
1089 514 1205 544 antea
1239 505 1389 546 mutari
1422 503 1577 547 neceſſe
1606 506 1710 556 eſſe,
1748 507 1815 548 vel
1849 504 2144 562 ſeparationem
2172 521 2250 550 no-

900 588 1000 620 uam
1013 589 1035 618 a
1048 576 1144 621 Iure
1164 574 1345 635 ſuffragii
1363 576 1515 621 intuitu
1531 577 1800 633 quorundam
1814 576 2143 636 excogitandam.

1429 673 1469 732 §.
1528 675 1716 732 XVIII.

1033 781 1200 826 Adſunt
1225 779 1298 821 alia
1336 777 1538 823 eiusmodi
1561 780 1790 836 principia,
1822 791 1930 836 quae
1960 781 2164 827 eiusmodi
2188 780 2249 840 ſy-

897 844 1075 888 ſtematis
1094 842 1186 886 ſunt
1209 843 1454 887 conſectaria
1483 843 1758 898 inſeparabilia
1785 858 1819 895 e.
1841 860 1882 901 g.
1911 842 2028 902 VII.)
2056 844 2247 901 exempla

894 922 949 951 ex
966 908 1132 952 hiſtoria
1146 908 1314 962 Imperii
1334 904 1523 960 collecta,
1556 919 1663 963 quae
1696 910 1765 953 Ius
1791 910 2033 966 Principum
2063 914 2246 967 probent

894 975 1043 1023 adlata,
1072 975 1211 1029 potius
1249 975 1348 1019 huic
1364 976 1447 1019 Iuri
1468 974 1776 1029 contradicere,
1801 988 1925 1030 quam
1957 983 2062 1031 quod
2083 982 2153 1024 illi
2181 997 2248 1034 pa-

897 1043 1090 1087 trocinari
1111 1041 1319 1092 videatur,
1338 1040 1484 1101 quodſi
1508 1045 1619 1087 enim
1636 1043 1679 1087 in
1704 1054 1903 1089 contextu
1927 1044 2019 1088 loca
2044 1046 2249 1092 eiusmodi

895 1117 1140 1173 quaeſtionis
1161 1115 1349 1160 funditus
1367 1115 1676 1175 expendantur,
1710 1116 1810 1163 illud
1834 1116 2009 1179 exinde,
2043 1115 2100 1162 nil
2121 1119 2252 1175 magis

895 1187 986 1230 erui
1007 1184 1133 1243 poſſe,
1204 1186 1416 1237 Caeſares,
1451 1188 1663 1244 Principes
1679 1189 1720 1232 et
1737 1187 2035 1234 Eccleſiaſticos
2053 1198 2094 1233 et
2114 1187 2247 1234 ſaecu-

891 1256 997 1301 lares
1022 1255 1229 1303 adſciuiſſe
1251 1260 1295 1301 in
1321 1257 1523 1305 iudicium
1551 1258 1673 1308 illud,
1712 1259 1754 1301 in
1787 1271 1874 1315 quo
1903 1260 2019 1303 cauſa
2044 1261 2245 1318 Principis

893 1324 995 1369 olim
1017 1325 1165 1381 agitata
1186 1323 1277 1369 fuit.
1349 1325 1540 1374 Adfuiſſe
1556 1328 1639 1372 hoc
1665 1325 1794 1372 modo
1812 1328 1975 1381 dicunt,
2004 1328 2246 1375 Adſeſſores

893 1402 998 1431 voto
1025 1391 1196 1444 quidem
1230 1391 1499 1433 conſultatiuo
1534 1394 1674 1433 minus
1704 1389 1884 1436 deciſiuo
1914 1392 2113 1439 inſtructo
2140 1394 2245 1437 ſalua

897 1450 1055 1503 vbique
1091 1447 1270 1490 Caeſaris
1303 1438 1495 1503 JCtione
1524 1450 1762 1503 vniuerſali,
1791 1456 1846 1491 ita
1872 1465 1927 1490 vt
1947 1460 2136 1503 propter
2171 1460 2248 1511 hoc

892 1503 1101 1558 Sententia
1135 1512 1344 1557 definitiua
1378 1513 1645 1557 nihilominus
1678 1517 1721 1557 in
1759 1514 1881 1559 vnius
1913 1519 2092 1560 Caeſaris
2119 1533 2247 1561 manu

892 1586 1174 1644 principaliter
1192 1590 1428 1644 quaerenda
1447 1589 1591 1635 fuiſſet.
1617 1587 1754 1650 VIII.)
1772 1604 1852 1649 pro
1869 1588 2120 1636 adminiculo
2150 1602 2245 1649 pro-

893 1661 1069 1705 bationis
1095 1657 1217 1703 huius
1234 1660 1439 1717 poteſtatis
1460 1671 1500 1704 et
1519 1661 1622 1705 meri
1651 1661 1807 1707 arbitrii
1832 1661 2051 1708 adſciſcere
2074 1662 2244 1711 Aſſeſſo-

896 1743 985 1784 res,
1020 1729 1123 1775 illud
1151 1742 1316 1786 vrgent.
1387 1730 1550 1777 Verſari
1574 1730 1780 1790 quosdam
1806 1734 1848 1776 in
1874 1746 2036 1782 errore,
2066 1732 2168 1777 dum
2192 1734 2244 1778 ab

895 1802 1117 1861 exemplis,
1149 1815 1355 1860 quatenus
1378 1817 1431 1848 ex
1457 1805 1715 1862 beneplacito
1742 1806 1888 1852 Caeſar
1912 1809 2137 1854 Aſſeſſores
2163 1810 2246 1853 Sta-

894 1878 960 1909 tus
977 1865 1146 1922 elegerit
1164 1865 1458 1923 obligationem
1481 1880 1532 1909 ex
1550 1867 1790 1925 priuilegio,
1815 1869 1881 1912 vel
1907 1882 1959 1912 ex
1985 1858 2121 1915 fictitia
2147 1883 2244 1925 qua-

894 1938 991 1983 dam
1011 1939 1181 1994 Imperii
1198 1939 1495 1984 conſuetudine
1523 1941 1784 1986 deduxerint.
1858 1936 1958 2004 IX.)
1981 1934 2149 2007 Inſigne
2173 1954 2253 1985 ex-

892 2008 1082 2066 emplum
1108 2009 1209 2053 illud
1232 2007 1491 2067 Sigismundi
1520 2021 1586 2069 ap.
1622 2017 1867 2058 GOLDAST
1895 2005 2246 2070 Reichs - Satzung

895 2084 941 2123 P.
966 2079 1019 2123 II.
1032 2086 1123 2135 pag.
1132 2082 1196 2127 98.
1207 2088 1269 2127 99.
1289 2078 1405 2135 quod
1423 2093 1501 2136 pro
1520 2081 1679 2125 ratione
1706 2079 1923 2126 decidendi
1950 2080 2243 2142 quaeſtionem,

894 2153 935 2183 et
952 2148 990 2185 in
1012 2144 1303 2198 probationem
1320 2147 1451 2191 aſſerti
1469 2147 1527 2190 ſui
1559 2141 1810 2192 affirmantes
1835 2147 1901 2191 Ius
1926 2148 2171 2205 Principum
2192 2148 2244 2188 al-

894 2203 1059 2258 legant,
1094 2208 1296 2262 cuiusque
1311 2205 1495 2251 formalia
1512 2207 1568 2251 ibi
1587 2209 1641 2252 ſic
1665 2209 1704 2252 ſe
1730 2208 1902 2251 habent:
1936 2215 2026 2253 weil
2044 2215 2101 2253 die
2121 2210 2243 2254 Sache

883 2276 1102 2333 fürnehme
1118 2279 1224 2319 Lehn
1242 2283 1305 2319 des
1320 2278 1459 2324 Reichs
1473 2276 1649 2333 betreffe,
1650 2278 1702 2335 ſo
1721 2277 2104 2337 meyne
1879 2290 1949 2341 er,
1965 2282 2007 2341 es
2029 2273 2098 2341 ſeye
2116 2277 2242 2337 billig,
