1718 2483
781 341 845 372 Hæc
852 338 912 368 ait:
934 338 953 376 &
969 334 1062 376 ſocii¹
1060 338 1207 382 ceſſerunt
1214 346 1345 383 æquore²
1356 335 1429 382 juſſi.
1553 332 1616 379 444

778 390 850 420 At³
860 391 1007 423 Rutulum
1021 387 1175 435 abſceſſu⁴
1178 390 1313 438 juvenis,
1326 383 1413 423 tùm⁵
1423 383 1497 439 juſſa
1506 380 1613 438 ſuperba

777 440 929 475 Miratus,
933 436 1036 485 ſtupet
1041 436 1072 484 in
1077 438 1207 485 Turno;⁶
1222 447 1380 483 eorpusque
1384 448 1438 483 per
1444 445 1543 485 ingens

779 485 942 512 ⁷Lumina
952 486 1087 530 volvit,⁸
1095 485 1211 521 obitque
1219 498 1297 509 truci
1306 490 1432 521 procul⁹
1442 494 1541 511 omnia
1550 472 1612 517 viſu.

777 537 896 573 Talibus
911 542 948 579 &
964 540 1081 572 dictisit
1089 548 1193 572 contra
1203 538 1323 573 dicta¹⁰
1332 548 1473 584 tyranni:

777 591 866 628 Aut
866 586 968 632 ſpolus
975 597 1023 634 ego
1031 588 1094 631 jam
1102 598 1195 634 raptis
1205 588 1385 622 laudabor¹¹
1397 589 1524 634 opimis,

773 642 869 669 Aut¹²
881 635 957 669 letho
968 628 1093 684 inſigni:
1114 643 1134 666 ¹³
1137 637 1214 678 ſorti
1217 647 1307 684 pater
1324 648 1408 681 æquus
1422 646 1530 684 utrique
1547 628 1606 676 eſt,

775 701 975 729 Tolleminas:
987 692 1075 728 fatus,
1095 690 1204 718 medium
1220 689 1350 730 procedit
1362 691 1389 719 in
1399 695 1433 713 ¹⁴
1441 696 1542 730 æquor:
1558 679 1642 726 451

779 743 951 787 ¹⁵Frigidus
967 741 1177 776 Arcadibus¹⁶
1190 751 1240 775 cott
1252 752 1278 774 in
1283 741 1445 787 præcordia
1449 739 1577 787 ſanguis.

780 794 904 839 Deſiluit
913 790 1065 826 Turnus¹⁷
1077 790 1204 837 bijugis;
1223 790 1307 836 pedes
1314 800 1441 837 apparat
1450 800 1496 823 ire

777 831 966 868 Comminùs:
974 848 1063 881 utque
1069 838 1122 872 leo,
1131 838 1248 881 ſpeculá
1256 836 1326 868 cùm
1334 839 1413 869 vidit
1423 839 1462 868 ab
1468 834 1533 870 altâ

876 887 979 924 procul
773 892 867 916 Stare
983 889 1095 924 campis
1104 888 1331 931 ¹⁹meditantem
1337 890 1433 924 prælia
1449 875 1617 918 taurum,455

781 938 965 974 ²⁰Advolat:
979 938 1062 973 haud
1070 940 1135 973 alia
1142 937 1180 983 eſt
1189 944 1320 972 Turni²¹
1330 948 1475 973 venientis
1480 933 1617 983 imago.

780 995 912 1028 Hunc²²
921 989 972 1024 ubi
979 992 1150 1037 contiguum
1162 987 1244 1035 miſſæ
1243 990 1312 1034 fore
1318 990 1449 1035 credidit
1449 989 1546 1034 haſtæ,

782 1046 956 1089 ²³Ireprior
963 1043 1072 1081 Pallas,
1080 1041 1113 1087 ſi
1122 1042 1183 1086 quà
1192 1041 1249 1086 fors
1264 1043 1379 1086 adjuvet
1390 1039 1532 1086 ²⁴auſum

783 1092 964 1131 Viribus²⁵
971 1088 1161 1124 imparibus;
1186 1099 1385 1124 magnumque
1401 1102 1495 1126 ita²⁶
1508 1084 1543 1114 ad
1549 1071 1617 1131 æthe-

976 1149 1014 1166 ra
1019 1137 1122 1177 fatur.
1557 1129 1620 1176 459

779 1188 965 1232 Per²⁷patris
971 1186 1125 1231 hoſpitium
1139 1191 1162 1223 &
1178 1186 1303 1231 menſas,
1315 1192 1408 1232 quas²⁸
1405 1188 1527 1231 advena
1540 1177 1621 1231 adiſti,

780 1237 817 1274 Te
822 1247 935 1283 precor,
945 1238 1085 1275 Alcide,
1097 1241 1197 1278 cœptis
1205 1238 1414 1283 ingentibus²⁹
1424 1238 1526 1283 adſis!

782 1300 975 1327 ³⁰Cernat³¹
976 1286 1117 1326 ſemineci
1118 1289 1182 1326 ſibi
1182 1300 1341 1326 merapere
1354 1306 1490 1326 arma³²
1499 1279 1619 1319 cruenta,

779 1339 1030 1381 ³³Victoremque
1031 1338 1136 1380 ferant
1143 1348 1302 1370 morientia
1317 1338 1434 1371 lumina
1449 1338 1548 1371 Turni.

817 1389 917 1434 Audiit
933 1387 1091 1422 Alcides³⁴
1095 1388 1251 1434 juvenem,
1257 1400 1457 1434 magnumque
1459 1388 1515 1434 ſub
1526 1393 1583 1420 imo

783 1440 881 1476 Corde
908 1446 1071 1488 premit³⁵
1083 1449 1257 1489 gemitum,
1288 1439 1512 1490 lachrymasque
1531 1424 1621 1493 effudit

980 1493 1135 1525 ³⁶inanes.

785 1542 906 1580 Tùm³⁷
908 1541 1025 1586 genitor
1032 1550 1138 1573 natum
1145 1540 1230 1574 dictis
1236 1539 1353 1586 affatur
1362 1543 1484 1575 amicis:

786 1602 895 1625 ³⁸Stat
906 1588 1079 1624 ſuacuique
1090 1603 1191 1627 dies?
1212 1590 1312 1613 breve
1326 1592 1413 1639 &³⁹
1421 1567 1616 1628 irreparabile

980 1662 1109 1699 tempus

593 348 603 372 1
627 342 740 370 Diſceſſe-

589 390 648 407 runt
648 390 665 407 à
673 390 738 406 cam-

589 418 627 452 po
627 414 704 452 plano
716 412 741 428 &

587 452 668 476 æquo.

588 491 603 507 2
621 483 658 505 Al.
671 479 740 511 juſſo,

586 520 612 547 id
619 522 660 547 eſt,
672 520 741 552 quod

589 553 631 570 eos
646 548 742 574 juſſerat

585 594 743 625 derelinque-

587 632 614 649 re

586 655 614 675 3
614 649 683 675 Quia
691 646 773 669 Ru-

587 691 635 716 tuli
648 697 697 714 tam
706 688 773 711 ci-

585 729 615 747 to
624 723 742 755 parebant

586 758 605 777 4
628 755 712 773 Pallas-

587 806 598 825 5
617 796 705 822 Turni.

589 834 603 852 6
622 829 685 855 Ejus.

585 859 599 888 7
617 857 727 885 Oculos.

589 892 602 911 8
621 892 773 916 Circum-

587 933 648 965 agit.

588 970 606 991 9
621 965 678 992 Quæ
678 965 747 992 Tur-

589 1005 652 1023 num
666 1003 727 1021 con-

588 1031 729 1064 tingebant.

590 1072 615 1088 10
640 1063 741 1096 Superbi

589 1096 662 1115 regis.

590 1141 616 1159 11
628 1136 666 1158 De
674 1133 741 1165 prin-

586 1164 642 1195 cipe
654 1163 746 1189 hoſti-

590 1199 622 1217 lis
634 1193 779 1232 exerci-

590 1248 631 1267 tus
644 1240 724 1265 detra-

590 1277 647 1302 ctis.

590 1303 617 1315 12
635 1300 717 1313 Morte

593 1339 779 1375 gloriosâ.

596 1383 621 1404 13
641 1377 748 1405 Æquo,

592 1401 662 1421 certò
675 1402 774 1424 ſcio,

592 1436 685 1474 animo
685 1435 769 1474 feret

592 1474 672 1499 pater
672 1474 769 1499 meus

593 1504 719 1522 Evander,

593 1552 671 1578 quem
679 1543 747 1575 cupis

593 1578 714 1611 ſpectato-

588 1609 648 1640 rem
658 1598 751 1635 adeſſe,

595 1651 731 1676 utramque

592 1676 684 1703 ſortem
693 1681 737 1700 aut

595 1711 718 1737 victoriæ,

595 1745 639 1774 aut
646 1738 750 1753 pulchræ
755 1734 857 1770 mortis:
866 1731 928 1754 reſp.
935 1734 962 1758 ad
971 1732 1013 1766 id,
1029 1738 1146 1767 cuperem,
1158 1731 1204 1754 ipſe
1213 1740 1292 1753 parens
1295 1729 1407 1754 ſpectator
1415 1731 1504 1754 adeſſet.
1537 1727 1565 1753 14
1581 1714 1620 1744 Pla-

592 1776 692 1804 nitiem.
727 1774 751 1786 15
770 1774 816 1784 Præ
829 1773 945 1795 timore.
957 1773 983 1784 16
1001 1771 1160 1792 Congelatur.
1196 1774 1221 1789 17
1238 1772 1309 1792 Bigis.
1361 1773 1385 1784 18
1410 1772 1498 1795 Montis
1512 1769 1551 1785 aut
1562 1752 1622 1787 rupis.

593 1812 621 1821 19
641 1808 735 1816 Animo
750 1810 900 1834 agitantem,
909 1806 934 1817 id
942 1804 990 1832 eſt,
1011 1805 1035 1833 ſe
1048 1808 1203 1819 exercentem
1216 1805 1246 1817 ad
1255 1805 1342 1823 prælia.
1409 1810 1441 1818 20
1475 1805 1516 1821 Ad
1528 1786 1623 1819 tautum.

592 1846 620 1873 21
640 1843 738 1873 Contra
756 1840 870 1868 Pallanta.
936 1842 1050 1846 Turnum
1063 1839 1133 1864 enim
1142 1838 1233 1863 leoni,
1249 1838 1390 1866 Pallantem
1407 1842 1481 1862 tauro
1502 1815 1621 1865 comparat.

593 1878 626 1902 22
643 1875 695 1901 Ubi
706 1881 809 1905 credidit
820 1874 933 1907 Turnum
944 1872 991 1895 eſſe
1005 1876 1068 1897 intra
1076 1872 1168 1897 jactum
1180 1871 1269 1897 haſtæ,
1286 1873 1313 1897 &
1323 1872 1383 1900 poſſe
1394 1873 1419 1894 eâ
1433 1872 1509 1899 feriri.
1542 1871 1565 1887 23
1584 1851 1623 1879 Vo-

593 1912 641 1920 luit
654 1913 690 1917 aut
702 1908 786 1923 cœpit.
830 1911 861 1921 24
881 1907 1025 1918 Audentem
1037 1906 1196 1918 contendere.
1236 1906 1332 1919 Alludit
1344 1907 1375 1918 ad
1388 1905 1535 1921 ſententiam
1551 1889 1624 1919 iſtam,

592 1944 717 1956 Audentes
728 1943 817 1965 fortuna
831 1944 939 1965 juvat.
953 1943 978 1956 25
996 1939 1083 1963 Longè
1095 1939 1261 1956 inferioribus.
1318 1942 1347 1955 26
1367 1941 1469 1957 Cœlum
1487 1927 1624 1965 ſuſpiciens,

594 1978 639 2006 ubi
656 1977 779 2001 Hercules.
816 1977 844 1988 27
865 1974 1028 1992 Evandri,
985 1975 1024 1994 qui
1038 1979 1063 1982 te
1069 1973 1192 1990 hoſpitio,
1206 1974 1357 1989 interempto
1374 1975 1438 1994 Caco,
1458 1971 1558 1991 accepit.
1603 1951 1623 1973 28

594 2011 663 2020 Cum
674 2013 703 2018 ex
710 2010 823 2026 Hiſpaniâ
830 2009 945 2017 externus
953 2009 977 2017 &
984 2010 1088 2025 ignotus
1094 2007 1203 2025 primùm
1212 2008 1347 2018 advenires.
1400 2011 1433 2022 29
1451 2010 1486 2021 Ut
1499 1993 1586 2021 auxilio
1594 1986 1624 2012 ſis.

593 2048 624 2057 30
647 2044 732 2052 Videat
752 2045 859 2052 Turnus.
890 2044 918 2054 31
937 2043 1104 2052 Seminecato.
1148 2043 1177 2056 32
1198 2043 1286 2063 Cruore
1298 2041 1338 2052 ſuo
1352 2042 1457 2060 perfuſa.
1506 2041 1529 2059 33
1555 2032 1587 2054 Me
1597 2020 1626 2047 vi-

593 2086 689 2105 ctorem
702 2081 835 2092 patiantur,
855 2076 880 2084 id
888 2076 930 2085 eſt,
937 2079 1088 2092 cogantur
1065 2079 1086 2096 in
1102 2076 1151 2084 vitâ
1163 2076 1212 2084 hoc
1219 2075 1384 2092 ſpectaculum
1392 2075 1464 2087 ferre.
1498 2076 1527 2093 34
1546 2053 1626 2086 Pallan-

592 2116 625 2120 ta.
676 2116 698 2123 35
728 2113 781 2132 Quia
794 2111 906 2120 exaudire
926 2114 978 2119 non
987 2111 1079 2128 potuit.
1128 2111 1158 2123 36
1174 2110 1234 2121 Non
1248 2109 1404 2128 profuturas,
1418 2110 1482 2124 nihil
1494 2090 1628 2129 impetratu-

592 2153 644 2173 ras,
655 2152 681 2169 ut
689 2149 733 2169 cui
733 2149 819 2169 contra
832 2144 882 2169 fata
894 2146 980 2170 auxilio
993 2148 1076 2172 venire
1088 2148 1132 2180 non
1144 2147 1233 2172 liceret.
1275 2151 1301 2172 37
1317 2144 1412 2177 Jupiter
1420 2146 1557 2171 Herculem.
1605 2129 1627 2159 38

593 2182 736 2214 Unicuique
760 2179 926 2207 conſtitutum
935 2178 971 2205 eſt
982 2179 1110 2203 proprium
1124 2182 1222 2208 tumpus
1235 2179 1297 2208 vitæ.
1364 2180 1397 2210 39
1416 2172 1549 2196 Poſtquam
1564 2148 1630 2179 ſemel

592 2225 704 2245 elapſum
719 2219 767 2243 eſt.
