2523 2886
765 433 844 480 DE
844 433 1133 480 DOLORIBVS.

1511 439 1596 486 641

463 519 514 557 Ita
521 518 618 558 etiam
631 518 737 560 ſenſus
744 532 901 575 tanquam
909 531 1054 568 CRVDI
1065 531 1213 570 vulneris
1220 543 1272 571 aut
1280 534 1412 583 vlceris,
1421 537 1508 575 taƈtu
1517 540 1586 577 irri-

307 569 381 604 tati:
407 570 498 618 quod
506 573 717 623 exprimunt,
726 580 763 615 es
773 575 855 625 ſeye,
865 580 929 621 wie
938 586 1033 628 gantz
1041 583 1145 631 rohe,
1156 585 1220 626 wie
1227 588 1308 636 rohe
1317 587 1454 638 Fleiſch,
1463 592 1585 633 brenne

308 626 380 664 und
390 625 484 674 beiſſe
496 632 566 668 und
580 637 670 678 nage
681 630 747 672 wie
761 632 812 673 ein
823 632 951 685 offener
960 637 1111 687 Schade
1121 649 1159 680 ꝛc.

471 727 507 770 §.
530 730 575 764 II.
628 732 677 767 Ex
692 733 923 776 innominatis,
948 735 980 771 &
999 737 1221 790 qualicunque
1238 738 1344 780 ſolum
1360 745 1578 795 ſimilitudine

298 771 420 809 notatis
431 774 534 819 magis
542 785 642 823 quam
651 779 758 820 notis,
776 780 847 818 ſunt
857 783 923 818 ſine
933 785 1032 821 dubio
1043 792 1197 837 præcipui
1209 803 1271 833 duo
1283 795 1347 834 illi,
1362 806 1503 841 quorum
1516 795 1581 833 iam

303 821 515 874 antiquiſſimi
531 829 737 867 mentionem
754 833 878 870 ſaciunt
890 847 986 883 atque
1002 842 1142 874 nomina
1155 844 1351 892 proferunt,
1375 850 1581 895 οςεόϰοπος

303 879 336 915 &
348 879 510 926 ἑλϰώδης.
561 883 628 929 Hic
628 885 772 935 quidem
791 887 956 934 ἑλϰώδης,
976 903 1020 928 vti
1031 905 1185 942 tanquam
1196 898 1305 934 medio
1315 901 1389 936 loco
1400 898 1464 938 eſſe
1473 903 1581 952 poteſt

301 926 385 964 inter
398 926 488 977 illum
502 928 608 968 modo
623 932 848 980 nominatum,
871 948 1027 987 tanquam
1044 954 1161 985 vlceris
1177 957 1232 980 aut
1244 949 1393 984 vulneris
1411 952 1522 999 crudi,
1545 952 1579 988 &

300 978 551 1034 ſimpliciorem,
574 985 622 1019 vti
638 998 709 1022 non
727 988 897 1028 immerito
918 994 1004 1029 mihi
1020 997 1133 1032 videor
1146 999 1329 1050 appellare,
1342 1001 1578 1053 contuſorium;

299 1031 356 1076 qui
365 1044 489 1084 nempe
497 1034 747 1076 ſimilitudinem
757 1040 858 1079 refert
869 1042 1059 1083 ſenſationis
1068 1042 1243 1092 eiusmodi,
1253 1054 1356 1100 qualis
1373 1054 1579 1104 acontuſione,

298 1085 376 1130 quin
387 1089 484 1125 etiam
493 1089 620 1126 acriore
630 1091 808 1140 agitatione
820 1096 963 1147 partium
980 1100 1189 1139 carnoſarum,
1227 1103 1399 1143 ſuccedere
1413 1106 1509 1145 ſolet:
1535 1110 1579 1146 ita

298 1136 349 1172 eſt
359 1139 472 1189 vtique
482 1139 552 1177 ſatis
563 1150 713 1184 certum,
727 1143 819 1193 quod
828 1147 897 1182 hæc
905 1148 1070 1200 poſterior
1081 1151 1235 1198 ſenſatio,
1256 1155 1272 1190 &
1279 1158 1385 1205 ſpecie
1393 1157 1425 1194 &
1433 1169 1576 1203 numero,

295 1182 400 1231 longe
411 1188 601 1228 familiarius
611 1201 760 1228 occurrat
777 1196 852 1243 ipſis
867 1203 1047 1246 exemplis,
1064 1214 1161 1249 quam
1174 1206 1225 1239 illa
1236 1206 1344 1241 altera.
1396 1209 1576 1258 Specimen

296 1232 366 1269 eius
375 1235 658 1280 familiariſſimum
668 1244 714 1276 eſt
725 1258 749 1280 a
756 1251 864 1280 minus
874 1251 1035 1301 conſueto,
1046 1258 1189 1298 fortiore
1197 1274 1250 1295 aut
1260 1262 1469 1296 diuturniore
1477 1269 1574 1294 motu

294 1292 462 1340 corporis,
484 1294 562 1344 poſt
577 1309 678 1347 quem
694 1298 737 1336 ita
751 1299 954 1340 familiariter
971 1317 1128 1355 proximo
1137 1320 1206 1344 vno
1216 1317 1281 1360 aut
1280 1312 1380 1349 altero
1397 1313 1451 1350 die
1466 1325 1576 1364 partes

292 1341 479 1383 muſculoſæ
496 1359 566 1383 tam
576 1348 750 1401 exquiſito,
778 1352 798 1388 &
811 1353 1036 1395 moleſtiſſimo
1048 1358 1105 1394 illo
1124 1358 1278 1412 quidem,
1300 1361 1391 1401 ſenſu
1405 1365 1573 1413 laborant,

291 1403 330 1427 vt
338 1393 437 1431 etiam
447 1396 534 1434 taƈtu
542 1401 631 1436 nudo
642 1413 711 1436 non
720 1402 810 1439 aliter
820 1401 970 1450 doleant,
978 1416 1072 1456 quam
1080 1407 1111 1458 ſi
1118 1412 1294 1458 contuſione
1307 1424 1367 1448 are
1377 1424 1572 1464 quacunque

293 1441 374 1479 dura
393 1454 468 1490 pars
483 1450 629 1495 percuſſa
641 1451 769 1491 fuiſſet:
799 1453 888 1492 vnde
902 1457 1001 1493 etiam
1011 1459 1177 1496 Germani
1191 1462 1293 1497 noſtri
1308 1465 1571 1516 expreſſionibus

289 1498 355 1535 illis
371 1509 445 1536 rem
460 1501 681 1551 eloquuntur,
708 1509 748 1544 es
764 1507 846 1554 thue
862 1508 895 1558 ſo
909 1508 1020 1561 wehe,
1043 1511 1110 1555 wie
1124 1511 1414 1567 Blutſchwaͤren,
1439 1521 1510 1568 daß
1523 1523 1566 1572 ſie

288 1550 396 1592 kaum
412 1550 546 1601 darauf
555 1554 693 1606 greiffen
708 1557 862 1610 duͤrffen:
896 1564 1027 1608 mitius,
1049 1563 1107 1605 als
1119 1574 1226 1608 wann
1242 1567 1284 1617 ſie
1296 1566 1472 1620 gepruͤgelt
1488 1571 1565 1616 waͤ⸗

289 1605 368 1640 ren:
396 1601 581 1655 mitiſlime,
604 1610 643 1646 es
660 1605 709 1653 ſey
725 1610 815 1651 alles
829 1620 877 1653 an
893 1613 993 1663 ihnen
1003 1615 1208 1665 erſchlagen:
1237 1620 1269 1656 &
1287 1621 1358 1658 licet
1369 1613 1494 1660 nullam
1511 1636 1564 1662 ex-

284 1649 445 1692 aƈtiorem
458 1651 719 1709 deſcriptionem
734 1658 851 1711 ſpeciei
861 1665 1052 1704 ſenſationis
1062 1666 1217 1706 exhibere
1226 1670 1366 1722 poſſint,
1383 1682 1494 1710 tamen
1508 1684 1565 1721 ge-

284 1707 390 1745 nerali
403 1709 544 1750 nomine
551 1704 572 1757 &
582 1707 730 1764 aſſerto,
747 1718 787 1757 es
801 1715 879 1768 thue
893 1719 992 1770 ihnen
1006 1721 1088 1764 eben
1100 1723 1187 1765 alles
1201 1724 1305 1776 wehe.

439 1815 466 1856 §.
493 1814 554 1852 III.
605 1814 818 1863 O’ςεόϰοπος
836 1828 950 1857 autem
969 1825 1024 1862 ille
1042 1825 1142 1865 dolor
1156 1824 1263 1866 ſolum
1278 1829 1382 1875 magis
1402 1840 1560 1883 tanquam

282 1860 405 1896 intimæ
417 1861 635 1910 fatigationis
651 1861 779 1903 ſenſum
793 1868 971 1917 exprimit,
988 1880 1182 1923 grauitati,
1204 1877 1362 1926 tanquam
1381 1886 1558 1930 ponderis,

280 1902 315 1937 &
329 1902 460 1950 tenſioni
475 1898 767 1959 propinquiorem.
815 1923 939 1957 Nomen
952 1929 1081 1967 autem,
1091 1941 1133 1971 vt
1133 1939 1179 1973 ab
1188 1940 1256 1971 oſſe
1269 1934 1469 1981 deſumtum,
1491 1947 1559 1979 tue-

278 1968 334 1993 tur
344 1960 418 2003 illo,
431 1962 521 2010 quod
528 1964 686 2012 patientes
696 1965 861 2006 eiusmodi
870 1981 907 2006 re
922 1983 999 2017 vera
1007 1977 1216 2025 expreſſione
1230 1985 1283 2015 tali
1302 1988 1346 2016 vti
1364 1986 1503 2025 ſoleant,
1524 1998 1560 2018 vt

279 2004 432 2043 intimam
441 2009 604 2058 quandam
614 2012 831 2054 laſſitudinem
847 2022 1042 2063 enuncient,
1059 2035 1225 2071 tanquam
1225 2034 1272 2072 ad
1286 2039 1478 2090 medullam,
1502 2041 1559 2082 ſeu

278 2056 430 2097 intimam
438 2070 509 2110 non
515 2059 625 2099 ſolum
636 2067 888 2111 membrorum,
910 2071 965 2108 ſed
980 2077 1124 2110 omnino
1133 2081 1252 2116 oſſium
1267 2085 1556 2143 profunditatem,

275 2120 517 2161 penetrantem.
568 2117 622 2155 Eſt
638 2119 735 2158 huius
744 2132 855 2158 comes
863 2126 1055 2173 inquietudo
1065 2123 1168 2165 veluti
1178 2139 1339 2179 perpetua
1349 2138 1558 2185 patientium,

277 2174 315 2200 vt
328 2160 423 2201 ſitum
435 2174 536 2199 vnum
546 2177 616 2202 non
625 2167 679 2203 diu
695 2170 797 2218 quieti
812 2172 941 2210 ſeruare
956 2175 1103 2224 valeant,
1128 2177 1181 2212 ſed
1190 2181 1409 2232 qualicunque
1419 2204 1553 2233 motita-

277 2211 372 2249 tione
386 2222 477 2250 veras
490 2212 558 2248 illas
573 2215 726 2264 tenſiones
741 2223 891 2258 moleſtas
907 2225 944 2258 in
954 2225 1102 2275 partibus
1116 2231 1277 2277 tantisper
1295 2238 1452 2282 expedire
1465 2243 1554 2272 labo-

275 2272 371 2307 rent,
391 2264 496 2302 donee
507 2264 625 2303 iterum
634 2265 753 2305 ſeruata
761 2273 951 2322 aliquandiu
960 2289 1055 2313 mora
1064 2282 1155 2327 tenſio
1166 2282 1234 2322 illa,
1251 2295 1362 2328 denuo
1374 2292 1464 2323 velut
1473 2304 1555 2334 obri-

274 2315 408 2365 geſcens.
418 2330 547 2358 nouum
554 2320 717 2362 eiusmodi
723 2336 848 2365 motum
856 2330 897 2365 ad
903 2330 996 2368 iſtam
1005 2331 1204 2373 alterandam
1213 2334 1348 2376 ſuadeat.

1599 753 1772 788 Innominati

1598 797 1720 831 dolores.

1596 908 1745 944 Helcodes.

1576 1836 1760 1884 Oſteocopos.

909 2436 1090 2488 Mmmm

1443 2448 1564 2492 §.IV.
