2535 2976
850 520 1277 561 LIPSIENSIBVS.

1767 544 1785 576 3

346 617 448 652 NVS,
495 611 584 653 IAC.
611 613 805 652 SPONIVS
833 611 870 650 &
893 614 1022 651 noſtro
1045 627 1126 653 ævo
1150 615 1344 654 PITTON.
1383 615 1430 655 de
1453 615 1786 655 TOVRNEFORT.

347 656 523 700 BERNIER,
549 660 585 697 &
610 661 645 696 E.
672 662 1007 710 KAEMPFFERVS.
1060 664 1150 696 Ideo
1168 665 1204 696 &
1222 666 1278 696 ſua
1296 666 1370 696 laus
1386 666 1519 695 merito
1536 674 1577 692 ac
1592 675 1787 707 commen-

347 700 447 744 datio
463 718 586 745 manet
601 719 667 745 eos
685 716 796 745 Viros
812 714 984 745 cordatos
999 725 1041 745 ac
1057 718 1271 757 diligentes,
1287 721 1350 757 qui
1368 719 1488 762 noſtra
1505 719 1573 768 hac
1587 726 1692 759 ætate
1708 727 1783 768 me-

345 753 542 798 ditationes
556 764 632 798 ſuas
648 786 691 811 ac
704 765 864 809 ſtudium
883 770 930 808 in
940 769 1156 809 indagandis
1172 773 1225 803 iis,
1242 783 1324 809 quæ
1340 773 1384 797 ab
1399 773 1487 815 aëris
1506 772 1788 816 conſtitutione,

344 826 386 854 ac
401 817 518 860 victu,
552 831 594 857 ac
609 818 764 856 vivendi
787 819 929 856 ratione
949 824 1063 857 cuivis
1087 824 1174 866 loco
1191 826 1358 868 propria,
1385 836 1496 866 atque
1515 836 1560 856 ex
1585 825 1784 859 manifeſtis

343 869 748 927 mechanico-phyſicis
763 871 872 910 cauſis
889 873 1225 924 proficiſcentibus,
1249 887 1291 909 ac
1308 887 1389 921 quæ
1412 887 1485 908 tam
1502 888 1545 908 ex
1561 880 1785 921 præcedenti

343 932 453 969 quam
477 924 642 976 præſenti
663 924 922 975 tempeſtatum
945 927 1217 965 conſtitutione
1233 931 1471 976 dependent,
1509 932 1640 963 iisdem
1657 933 1784 974 prædi-

343 971 472 1012 cendis
501 972 642 1023 riteqne
674 974 844 1010 curandis
872 976 1131 1014 collocarunt,
1188 993 1347 1022 quorum
1378 984 1509 1012 celebr.
1550 985 1785 1031 SYDENHA-

343 1039 448 1075 MVS,
488 1030 787 1068 RAMAZZINVS
821 1028 1047 1071 laudatiſſimi
1067 1030 1150 1070 ſunt
1172 1034 1402 1079 anteſignani.
1473 1038 1598 1080 Atque
1621 1047 1706 1068 cum
1732 1039 1783 1069 vi-

344 1069 459 1110 derim
476 1084 599 1122 operæ
614 1076 773 1123 pretium
794 1077 897 1113 fuiſſe
911 1082 1142 1129 MARSILIO
1166 1084 1406 1112 CAGNATO
1431 1092 1472 1111 ac
1490 1090 1711 1134 LANCISIO
1737 1090 1784 1131 de

343 1129 426 1166 aëre
442 1129 631 1173 Romano,
672 1128 870 1167 RENATO
896 1132 1184 1168 MOREAVVIO
1207 1138 1254 1167 de
1277 1140 1361 1168 aëre
1385 1141 1613 1173 Verſalienſi
1653 1148 1782 1191 CAES.

343 1178 572 1216 GRAMMIO
601 1179 649 1217 de
674 1190 756 1217 aura
774 1180 1023 1228 Chilonienſi,
1064 1187 1375 1218 BARTHOLINO
1397 1192 1445 1219 de
1468 1194 1549 1220 aëre
1566 1189 1784 1228 Haffnienſi,

344 1228 493 1277 aliisque
510 1229 662 1279 egregiis
676 1230 776 1269 Viris
792 1232 840 1269 de
856 1234 1010 1270 aliorum
1032 1240 1202 1269 locorum
1219 1244 1300 1269 aëre
1325 1243 1547 1280 illorumque
1563 1247 1784 1294 conditione

343 1282 544 1328 peculiares
563 1283 703 1322 libellos
724 1288 981 1332 comparandi,
1022 1293 1406 1323 convenientiſſimum
1425 1298 1510 1322 hinc
1536 1299 1571 1322 &
1596 1306 1667 1334 ego
1692 1300 1783 1330 judi-

345 1334 450 1377 cavi,
465 1334 535 1371 eſſe
553 1335 614 1372 hic
628 1336 720 1371 aëris
737 1332 948 1383 Lipſienſis,
963 1339 1118 1373 celebris
1133 1343 1226 1384 loci,
1243 1345 1306 1372 ſoli
1323 1347 1453 1381 felicis,
1476 1349 1695 1383 inclytæque
1717 1355 1784 1372 tel-

345 1367 443 1415 luris,
458 1373 751 1418 qualemcunque
766 1383 875 1426 etiam
891 1390 1235 1418 conſiderationem,
1249 1396 1320 1438 eſſe
1335 1397 1373 1437 &
1386 1399 1694 1442 deſcriptionem,
1733 1407 1781 1448 vi-

344 1418 498 1472 ſumque
520 1422 612 1459 mihi
634 1425 708 1460 fuit
724 1428 869 1471 ſemper
899 1442 940 1475 ex
965 1441 1056 1472 bono
1064 1442 1230 1475 publico
1250 1448 1425 1487 omnium
1445 1447 1543 1491 fore,
1563 1450 1587 1496 ſi
1613 1456 1782 1499 cognitio

345 1472 528 1523 ejusmodi
543 1474 753 1515 noſtrorum
768 1477 957 1520 locorum,
986 1486 1294 1534 phyſico-medica
1310 1497 1392 1530 non
1416 1495 1556 1543 inculta
1569 1504 1632 1542 aut
1645 1504 1783 1549 deſerta

345 1530 494 1580 penitus
513 1530 654 1580 jaceret.
705 1530 806 1573 Cum
820 1525 899 1574 hoc
911 1531 1061 1574 firmiter
1077 1537 1279 1586 perſvaſum
1296 1542 1385 1589 mihi
1403 1545 1576 1606 habeam,
1601 1554 1784 1604 intentio-

345 1594 433 1622 nem
447 1582 544 1623 hanc
557 1595 675 1623 meam
690 1595 737 1623 eo
753 1583 942 1625 utiliorem
958 1588 1041 1628 fore
1064 1593 1089 1627 ſi
1107 1593 1143 1627 &
1159 1595 1215 1627 alii
1238 1597 1335 1644 hanc
1355 1601 1574 1654 utiliſſimam
1596 1614 1783 1651 materiam

344 1632 494 1675 ulterius
510 1631 547 1674 &
561 1633 713 1688 amplius
729 1639 1025 1687 perſcrutandam
1041 1649 1340 1687 tractandamque
1358 1656 1590 1706 ſuſciperent.
1647 1665 1782 1713 Svadet

344 1680 420 1723 hoc
435 1695 606 1736 pergratæ
628 1691 720 1726 mihi
735 1693 967 1748 habitationis
984 1700 1111 1743 locus,
1134 1705 1303 1752 hortatur
1320 1718 1366 1751 ac
1378 1718 1513 1765 movet
1532 1717 1716 1769 reiteratis
1719 1733 1789 1774 et-

342 1740 413 1782 iam
430 1742 570 1784 vicibus
592 1748 801 1785 communis
817 1750 1052 1788 Medicorum
1069 1757 1276 1797 Præceptor
1301 1764 1621 1810 HIPPOCRATES
1648 1773 1687 1810 in
1712 1776 1783 1820 ele-

343 1800 546 1851 gantiſſimo
567 1800 718 1842 tractatu
740 1814 794 1841 DE
812 1805 943 1849 AERE,
965 1816 1110 1854 AQVIS
1140 1831 1194 1854 ET
1212 1814 1366 1855 LOCIS.
1422 1818 1605 1859 Equidem
1631 1833 1677 1867 ex
1703 1827 1784 1870 ſpe-

344 1852 424 1891 cula
440 1853 535 1905 quaſi
558 1853 626 1904 jam
643 1853 838 1906 proſpecto
856 1862 1063 1901 cenſuram,
1090 1867 1198 1907 quam
1214 1867 1300 1906 Tu,
1332 1869 1375 1897 L.
1390 1870 1427 1895 B.
1451 1873 1515 1906 qui
1540 1877 1689 1905 paginas
1716 1882 1785 1925 has

342 1903 393 1943 de
408 1905 579 1957 Lipſienſi
597 1907 698 1953 aëre,
728 1917 759 1948 a.
778 1908 816 1944 &
830 1910 850 1943 l.
875 1916 1099 1960 conſcriptas
1122 1918 1298 1945 evolvere
1319 1923 1376 1945 vel
1406 1924 1586 1959 inſpicere
1611 1928 1781 1957 dignatus

342 1954 477 2004 fueris,
499 1956 539 1997 ſis
554 1956 707 2004 laturus,
730 1968 864 2009 nempe
880 1966 919 1997 in
941 1968 1008 1998 illis
1023 1980 1150 2017 parum
1167 1971 1237 1997 eſſe
1253 1972 1401 2010 Lipſicæ
1423 1979 1631 2009 elegantiæ,
1654 1993 1782 2007 parum

342 2016 641 2059 convenientiæ,
660 2027 790 2068 parum
811 2027 986 2056 accuratæ
1000 2024 1275 2075 elaborationis,
1301 2037 1408 2067 atque
1432 2035 1559 2068 operis
1576 2034 1683 2057 docta
1705 2044 1783 2086 arte

342 2065 475 2116 parati,
498 2067 602 2121 quod
621 2067 854 2121 Lipſienſium
875 2076 998 2122 guſtui
1021 2078 1199 2119 judicioſo
1223 2080 1261 2112 &
1282 2081 1531 2112 delicatiſſimo
1556 2087 1699 2120 placere
1723 2093 1782 2112 vel

342 2117 385 2158 iis
401 2119 559 2160 arridere
571 2119 700 2172 poſſet.
740 2122 884 2160 Fateor
898 2129 1088 2171 lubenter,
1111 2141 1170 2159 eas
1192 2134 1263 2160 eſſe
1285 2136 1395 2161 rudes
1407 2138 1528 2161 adhuc
1546 2140 1581 2161 &
1603 2160 1683 2178 non
1701 2141 1780 2197 ſatis

344 2173 552 2221 exaſciatas,
595 2172 665 2214 eſſe
688 2185 757 2225 pro
780 2177 983 2226 politiſſima
1000 2183 1116 2229 Lipſia
1141 2195 1220 2213 non
1237 2186 1314 2215 ſatis
1331 2189 1470 2227 politas.
1548 2193 1641 2216 Non
1665 2192 1781 2219 ſolum

344 2214 469 2259 ſiſtunt
483 2222 741 2259 amœniſſimos
755 2226 794 2258 &
810 2229 907 2272 bene
924 2236 1046 2275 cultos
1060 2239 1193 2286 hortos
1214 2248 1258 2287 ac
1276 2241 1428 2287 ædificia
1446 2243 1704 2287 elegantiſſima
1719 2248 1782 2295 ſed

344 2262 383 2301 &
403 2270 522 2307 aërem
548 2269 698 2312 tradunt
724 2278 763 2308 &
785 2287 919 2327 ventos
949 2289 1150 2334 inſtabiles,
1189 2291 1449 2340 interruptos,
1485 2298 1782 2348 intempeſtivos,

342 2312 468 2367 ſæpius
482 2329 608 2367 parum
626 2330 770 2366 ſuaves,
792 2334 982 2382 horridos,
998 2343 1159 2385 aſperos,
1182 2358 1262 2384 non
1271 2360 1355 2387 raro
1375 2354 1494 2382 oculis
1509 2349 1703 2392 mentique
1722 2358 1784 2408 ad-

344 2374 476 2416 verſos.
534 2372 710 2424 Tractant
734 2403 865 2427 terram
880 2390 1039 2437 ſentibus
1061 2397 1304 2443 impeditam,
1327 2398 1521 2442 incultam,
1545 2399 1781 2453 inæqualem,

344 2432 521 2483 ſterilem,
551 2428 614 2470 ſibi
634 2436 793 2474 relictam
811 2442 934 2486 paſſim
951 2454 1032 2492 non
1053 2447 1119 2492 niſi
1134 2449 1300 2492 inanem,
1322 2449 1579 2484 proferentem
1603 2460 1782 2500 zizaniam

344 2481 548 2539 loliumque
564 2487 754 2528 urendum.
820 2495 1000 2529 Tractant
1022 2501 1162 2527 eædem
1187 2502 1299 2539 ſylvas
1321 2507 1529 2537 incomptas
1553 2506 1701 2540 hiſpidis
1717 2528 1780 2554 ve-

342 2541 470 2594 pribus
484 2543 632 2597 ubique
652 2540 933 2589 interdiſtinctas
967 2547 984 2588 &
1009 2549 1115 2588 Iucos
1130 2550 1306 2587 obſcuros
1320 2548 1536 2593 formantes,
1550 2558 1700 2594 multas,
1726 2563 1785 2585 di-

1066 2616 1142 2654 A2

1668 2615 1785 2654 verſas
