2589 2881
753 495 834 536 AD
881 492 1255 541 MEDICINAM.

1487 499 1574 546 115

329 568 592 625 prædicantur,
638 563 814 611 invenias.
858 567 1015 623 Diligo
1053 570 1192 628 quidem
1220 571 1349 620 virum
1381 569 1573 630 ardentiſſi-

326 652 412 691 me,
424 629 524 666 ſicut
536 631 733 676 meretur:
760 620 831 668 Sed
864 623 927 667 hoc
941 621 1052 685 ipſum
1066 627 1223 672 amantis
1237 630 1302 682 eſt,
1343 647 1409 675 non
1430 648 1572 678 onerare

330 713 409 734 eum
428 681 607 726 laudibus,
628 693 735 733 quas,
756 681 830 739 etſi
827 685 989 727 maxime
1010 685 1148 736 velim,
1173 690 1275 732 haud
1296 693 1403 734 facile
1413 709 1572 737 coacer-

331 755 439 786 vem:
483 741 751 797 Commendare
775 738 932 800 poſſum,
955 744 975 785 &
997 743 1095 787 facio
1097 738 1211 799 tibi,
1228 748 1266 789 &
1275 747 1478 798 omnibus,
1504 756 1571 803 qui

324 801 373 846 in
381 800 522 849 eodem
535 798 655 837 ſtadio
671 808 825 838 current
846 796 893 839 ad
919 810 1114 843 coronam.
1168 805 1259 847 Non
1278 815 1383 853 vero,
1403 809 1508 861 quod
1521 812 1570 852 de

328 859 480 910 Saturni
500 856 645 904 ſcriptis
656 854 764 895 idem
785 855 927 897 Plinius
952 854 1048 897 olim
1072 859 1245 908 monuit,
1286 855 1382 902 debet
1407 861 1565 918 operibus

323 917 405 956 ejus
434 913 540 966 obeſſe
567 908 660 966 quod
687 913 786 957 vivit.
881 920 940 959 An
976 918 1014 972 ſi
1044 918 1133 965 inter
1176 935 1231 964 eos
1280 932 1365 977 quos
1391 929 1567 973 nunquam

328 971 478 1024 vidimus
493 957 680 1019 floruiſſet,
717 979 774 1016 non
794 964 885 1022 ſolum
913 968 1020 1013 libros
1032 970 1132 1019 ejus,
1168 981 1284 1014 verum
1311 970 1416 1015 etiam
1446 971 1566 1026 imagi-

320 1041 387 1078 nes
412 1026 712 1071 conquireremus;
763 1024 916 1067 ejusdem
944 1037 1040 1075 nunc
1057 1027 1164 1084 honor
1191 1025 1372 1086 præſentis
1399 1022 1450 1076 &
1476 1042 1564 1083 gra-

325 1080 395 1135 tia
408 1080 503 1138 quaſi
519 1077 693 1139 ſatietate
714 1073 956 1143 laungueſcet?
965 1078 1033 1129 At
1056 1086 1117 1129 hoc
1133 1099 1286 1144 pravum
1308 1090 1566 1147 malignumque

325 1141 420 1186 eſt,
450 1151 515 1179 non
545 1131 713 1183 admirari
733 1136 902 1185 hominem
934 1138 1162 1186 admiratione
1190 1142 1440 1201 digniſſimum,
1477 1146 1562 1204 quia

323 1200 460 1242 videre,
493 1191 650 1249 alloqui,
681 1194 836 1246 audire,
886 1198 1091 1260 compleƈti;
1135 1217 1194 1249 nec
1221 1204 1371 1250 laudare
1406 1220 1560 1257 tantum,

322 1260 436 1291 verum
451 1250 556 1291 etiam
572 1258 676 1304 amare
692 1250 869 1306 contingit.
928 1258 1002 1300 Sed
1018 1259 1114 1307 iſtis,
1145 1261 1227 1302 imo
1254 1262 1343 1304 huic
1374 1264 1559 1318 quamdiu

318 1303 561 1352 immorere?
587 1308 660 1361 pro
677 1310 841 1362 ingeniis
841 1317 994 1364 tempus
1009 1316 1225 1360 definiatur:
1255 1324 1291 1359 in
1320 1317 1489 1372 molliore
1491 1317 1557 1375 ali-

321 1377 428 1414 quo,
445 1374 607 1408 annum;
630 1363 671 1405 in
687 1358 865 1417 duriore,
886 1364 1050 1411 alterum
1065 1372 1178 1412 etiam
1195 1385 1348 1421 annum.
1405 1378 1476 1419 Sed
1493 1382 1559 1428 ita,

325 1441 368 1472 ut
385 1424 488 1478 ſimul
499 1424 635 1480 æſtivas
643 1421 793 1479 aliquot
814 1416 929 1468 horas
949 1430 988 1471 in
1012 1425 1190 1476 Herbaria
1208 1429 1389 1481 inſumas;
1424 1435 1461 1477 &
1485 1435 1555 1488 hy-

323 1480 462 1520 bernas
483 1484 521 1524 in
545 1475 754 1528 Anatomia.
788 1485 937 1529 Tertio
967 1485 1156 1531 ſummum
1190 1502 1291 1533 anno
1329 1489 1555 1547 Pathologicæ

295 1535 372 1586 &
385 1530 583 1595 Diaſoſticæ
591 1537 754 1583 ſtudioſe
768 1554 807 1591 te
822 1542 939 1584 dabis.
992 1547 1095 1588 Cum
1104 1549 1314 1602 peregeris,
1354 1553 1400 1595 ad
1416 1555 1554 1598 Thera-

318 1592 495 1645 peuticam
510 1592 688 1638 venies,
720 1590 755 1644 &
777 1585 928 1643 ordiere
950 1594 1010 1639 ab
1039 1596 1250 1649 univerſali:
1288 1603 1350 1641 cui
1363 1600 1554 1660 ſpecialem

318 1647 550 1694 ſubmittes,
561 1647 610 1695 &
631 1644 824 1703 conſtantia
845 1648 956 1699 eadem
975 1653 1198 1710 peragrabis.
1252 1660 1324 1701 Sed
1344 1663 1553 1714 poſteriore

320 1707 401 1750 hoc
409 1703 575 1750 biennio
588 1703 740 1760 (tribus
766 1708 861 1754 enim
879 1714 1083 1769 quatuorve
1104 1715 1210 1757 annis
1234 1717 1384 1759 emetiri
1404 1721 1551 1777 poteris

320 1760 579 1812 academicum
591 1765 678 1807 artis
687 1766 816 1811 noſtræ
829 1764 1037 1825 ſpatium,)
1064 1781 1280 1829 temporum
1298 1776 1465 1828 quædam
1472 1776 1551 1820 ſuc-

318 1819 433 1864 ciſiva
447 1817 743 1870 Pharmaceuticæ
771 1819 822 1873 &
856 1823 1071 1881 Chirurgicæ
1098 1830 1347 1885 operatricibus
1376 1834 1548 1879 donabis.

319 1880 366 1918 Et
381 1877 430 1917 de
445 1870 571 1917 Ordine
579 1865 697 1927 facile
705 1876 770 1921 eſt,
779 1886 859 1929 atq;
867 1879 983 1924 animi
992 1891 1137 1924 tantum
1146 1882 1302 1926 decreto
1312 1898 1428 1940 opus:
1454 1891 1548 1932 Cura

313 1936 403 1988 plus
411 1929 525 1976 habet
532 1940 678 1985 operæ,
690 1935 733 1976 &
742 1936 781 1975 in
789 1948 835 1976 ea
843 1940 977 1984 omnis
985 1940 1035 1982 eſt
1048 1939 1252 1994 legentium
1262 1944 1414 1989 fruƈtus.
1454 1953 1547 1993 Duo

314 1999 356 2034 in
373 1989 434 2030 hac
449 1983 591 2049 ſpeƈto,
614 1991 690 2035 ſive
705 1993 839 2045 exigo:
868 1996 1115 2052 Attentionem,
1134 1999 1184 2048 &
1196 2001 1395 2049 electionem.
1452 2009 1548 2061 Quæ

312 2046 430 2097 legis,
442 2049 511 2083 nec
525 2044 639 2100 capis,
655 2058 703 2088 ne
712 2046 844 2095 damna
853 2051 915 2090 aut
915 2042 1063 2106 abjice.
1112 2055 1182 2097 Sed
1193 2057 1300 2111 quod
1310 2057 1405 2101 olim
1413 2064 1548 2103 Socra-

314 2114 399 2162 tes,
408 2110 497 2150 cum
507 2096 711 2144 obſcurum
719 2090 912 2153 Heracleti
928 2102 1047 2148 librum
1068 2103 1235 2164 legiſſet,
1254 2121 1295 2150 tu
1304 2109 1439 2154 dicito:
1454 2113 1545 2164 Quæ

313 2158 470 2210 intellexi
492 2154 602 2213 proba
615 2156 729 2211 ſunt;
771 2157 867 2205 credo
889 2158 941 2209 &
959 2176 1037 2219 que
1051 2176 1116 2206 non
1139 2165 1302 2212 intellexi.
1357 2173 1408 2211 Ut
1428 2172 1542 2216 intel-

311 2218 442 2269 legas,
456 2215 583 2262 ſæpius
594 2214 705 2262 legas.
762 2211 807 2253 Et
809 2210 934 2267 quod
947 2212 1217 2275 gladiatoribus
1241 2219 1403 2280 imperari
1430 2220 1555 2277 ſolet,

312 2274 454 2322 utiliter
479 2278 537 2324 ego
545 2269 599 2336 hic
617 2272 701 2327 tibi,
708 2276 850 2336 Repete.
887 2279 933 2321 Et
946 2281 1042 2324 ſicut
1042 2282 1089 2325 in
1097 2283 1167 2337 via,
1182 2272 1211 2333 ſi
1216 2281 1359 2332 ſalebra
1366 2298 1429 2331 aut
1440 2286 1539 2332 lama

878 2336 942 2381 BB
942 2336 1025 2381 bb
1025 2336 1077 2381 2

1394 2346 1545 2388 objecta
