2383 2876
701 498 774 544 144

1155 498 1441 536 CONSILIUM
1490 495 1619 537 XXII.

699 569 780 614 pio,
796 567 978 611 alburnus,
996 566 1118 612 aſſelli,
1136 564 1301 614 paſſeres:
1341 566 1460 603 avibus
1485 579 1567 604 ite·n
1592 565 1759 615 ſtagnoſis
1781 577 1818 602 ac
1840 565 2044 615 paluſtribus
2061 568 2112 603 in-

704 620 822 670 primis
841 621 923 656 locis
945 619 1186 667 gaudentibus.

787 665 892 700 Potus
914 664 978 711 ſit,
999 665 1024 701 ſi
1041 665 1157 700 haberi
1176 660 1307 712 poſſet,
1328 657 1457 700 mulſa,
1481 663 1650 700 Cereviſia
1669 660 1888 704 Serveſtana,
1907 662 2112 701 Giebichen-

702 717 897 761 ſteinenſis,
918 729 975 754 aut
991 716 1212 768 Keutterlingk
1228 717 1328 762 dicta.
1362 720 1492 755 Vinum
1509 715 1609 756 unicè
1626 717 1831 757 cavendum.
1879 718 1981 754 Acida
1999 716 2114 753 omnis

701 766 835 813 generis
851 776 920 802 tam
938 778 971 802 in
1001 777 1099 813 potu,
1123 770 1228 812 quàm
1250 767 1328 803 cibo
1352 766 1519 807 vitentur,
1542 776 1579 801 ea
1596 766 1686 802 enim
1716 766 1766 801 lac
1796 774 2046 813 corrumpunt,
2071 765 2114 802 il-

702 818 851 867 ludque,
862 817 1050 855 dioſcoride
1068 818 1171 857 teſte,
1193 815 1429 864 congelaſcere
1443 817 1580 854 faciunt.

785 866 948 901 Exercitia
967 868 1151 901 mediocria
1167 873 1245 900 ante
1262 866 1398 903 cibum,
1418 863 1499 898 alvo
1516 865 1607 910 prius
1625 861 1801 913 depoſitâ,
1824 860 1968 912 ſuſcepta
1985 862 2112 910 prode-

703 927 808 957 runt:
831 918 847 955 à
865 920 944 956 eibo
959 930 1073 957 autem
1094 916 1262 966 quieſcat,
1274 930 1335 954 nec
1350 919 1392 953 ab
1407 928 1450 953 eo
1461 929 1548 953 mox
1559 918 1719 954 balneum
1733 917 1949 965 ingrediatur.
1984 917 2115 956 Fructi-

702 971 768 1008 bus
788 970 897 1006 crudis
915 972 1098 1013 abſtineat,
1111 973 1148 1009 &
1164 981 1288 1010 eorum
1301 970 1382 1006 loco
1392 970 1550 1007 comedat
1566 969 1757 1019 paſſulas
1730 964 1756 1017 &
1772 969 1970 1018 amygdalas
1987 970 2114 1008 dulces.

784 1021 925 1068 Quibus
949 1022 1133 1061 omnibus,
1162 1020 1183 1054 ſi
1207 1018 1290 1055 nihil
1309 1026 1367 1053 aut
1387 1026 1506 1063 parum
1524 1014 1741 1062 proficiatur,
1765 1027 1841 1052 non
1857 1017 1916 1054 abs
1937 1028 1973 1053 re
1990 1014 2113 1060 fuerit,

702 1076 823 1102 nutrici
841 1073 924 1112 ligni
939 1070 1127 1105 decoctum
1145 1070 1345 1115 cropinare,
1366 1064 1566 1113 reliquaque
1582 1065 1908 1112 (quemadmodum
1923 1066 1981 1104 lue
1997 1068 2112 1104 Vene-

700 1121 757 1155 reâ
772 1121 905 1156 infectis
921 1122 1085 1165 facimus)
1103 1117 1312 1156 obſervanda
1330 1117 1440 1153 eidem
1456 1109 1680 1165 præſcribere.

1027 1262 1546 1314 CONSILIVM
1587 1241 1790 1313 XXII.

702 1351 788 1403 IN
867 1346 1383 1405 CURATIONE
1448 1329 1583 1404 ET
1629 1316 2107 1403 PRÆSERVA-

920 1460 1112 1504 TIONE
1149 1444 1515 1489 PAROXYSMI
1564 1442 1896 1499 EPILEPTICI.

703 1526 940 1771 Q

942 1517 1203 1558 Uotiescunque
1229 1514 1355 1557 ingruit
1378 1508 1611 1561 paroxyſmus
1639 1511 1867 1559 epilepticus,
1895 1503 2117 1549 certiſſimum

957 1570 1006 1607 eſt
1032 1570 1216 1609 indicium,
1231 1567 1431 1610 materiam,
1449 1575 1525 1612 quæ
1545 1564 1639 1603 cauſa
1659 1569 1772 1603 morbi
1790 1567 1859 1609 eſt,
1875 1568 2061 1615 irrumpere
2079 1567 2116 1602 in

956 1620 1164 1656 ventriculos
1185 1618 1335 1661 cerebri,
1352 1627 1487 1666 eosque
1509 1617 1551 1654 ad
1568 1617 1807 1665 expulſionem
1833 1619 1988 1658 irritare:
2021 1617 2115 1655 unde

958 1678 1071 1717 motus
1098 1674 1308 1718 depravatur.
1357 1673 1447 1710 Haec
1466 1675 1569 1710 autem
1591 1678 1734 1704 materia
1757 1672 1808 1711 eſt
1822 1675 1879 1709 vel
1890 1679 2000 1712 vapor
2019 1669 2119 1709 mali-

954 1735 1041 1770 gnus
1060 1735 1108 1763 ex
1126 1735 1292 1759 venenata
1308 1731 1443 1765 materia
1465 1729 1583 1760 ortus,
1601 1723 1660 1762 vel
1670 1729 1713 1757 ex
1727 1723 1847 1760 aliquo
1866 1724 2034 1763 humore?
2060 1722 2119 1763 vel

688 1784 750 1818 eſt
757 1787 906 1822 minera,
929 1791 998 1818 non
1021 1781 1151 1829 vapor,
1169 1776 1221 1812 ſed
1245 1778 1378 1807 minera
1399 1780 1541 1806 vaporis.
1584 1773 1640 1814 Eſt
1660 1773 1788 1807 humor
1803 1778 1936 1811 tenuis,
1952 1770 2114 1812 flatulen-

694 1838 774 1873 tus,
799 1836 857 1873 qui
869 1830 966 1870 facilè
979 1834 1011 1868 in
1035 1829 1132 1866 flatus
1160 1825 1326 1866 reſolvitur
1357 1826 1387 1870 &
1401 1822 1584 1868 diſſipatur.
1628 1822 1695 1864 Ut
1703 1831 1790 1868 ergò
1804 1836 1882 1860 talis
1890 1834 2027 1856 materia
2041 1829 2121 1860 ex-

694 1884 867 1918 pellatur,
892 1884 1025 1917 neceſſe
1044 1880 1102 1918 eſt
1123 1880 1290 1910 omnibus
1308 1878 1420 1916 modis
1443 1879 1596 1917 naturam
1619 1874 1754 1917 juvare,
1770 1880 1812 1911 ut
1821 1880 1896 1914 non
1917 1884 2033 1912 mogo
2046 1882 2114 1910 ex-

696 1932 819 1982 pellat,
838 1931 894 1969 ſed
909 1935 1008 1969 etiam
1028 1932 1176 1969 diſcutiat
1196 1933 1232 1970 &
1249 1929 1446 1980 difſipet.

796 1986 826 2011 1.
853 1979 945 2018 Ergo
962 1982 1165 2025 exponatur
1169 1982 1254 2019 æger
1267 1973 1348 2008 loco
1363 1972 1501 2013 lucido,
1518 1971 1598 2020 quia
1615 1972 1735 2009 lumen
1751 1970 1843 2016 juvat
1857 1970 2111 2020 expulſionem.

789 2041 823 2066 2.
850 2030 1031 2072 Aperiatur
1053 2041 1096 2065 os
1120 2031 1157 2069 &
1176 2029 1295 2065 dentes
1321 2025 1447 2075 ſpatula
1470 2038 1513 2064 ex
1530 2028 1630 2074 ligno
1645 2024 1796 2075 paratâ,
1820 2036 1897 2074 quæ
1918 2035 2106 2076 intingatur

754 2104 903 2142 guento.

802 2146 831 2181 3.
861 2138 1021 2172 Elevetur
1036 2140 1159 2179 caput,
1176 2141 1220 2167 ne
1236 2140 1385 2176 vapores
1402 2130 1650 2170 extendantur,
1663 2140 1736 2169 non
1747 2140 1858 2168 tamen
1867 2132 1974 2169 nimis
1982 2129 2048 2169 latè
2062 2129 2120 2169 ſed

701 2201 745 2223 ut
756 2191 886 2232 poſſint
905 2188 935 2225 ſe
953 2195 1127 2227 movere,
1155 2191 1192 2221 ut
1211 2182 1348 2219 materia
1370 2179 1468 2219 tantò
1492 2184 1588 2222 citius
1603 2180 1627 2227 à
1647 2191 1765 2220 natura
1781 2179 1884 2230 poſſit
1897 2194 1959 2233 per
1976 2190 2118 2220 motum

709 2249 827 2291 diſcuti
849 2254 887 2290 &
905 2249 1059 2299 diſſipari.

801 2308 817 2338 5.
868 2297 1035 2340 Ligentur
1050 2292 1183 2331 femora
1200 2290 1237 2329 &
1256 2303 1371 2336 crura,
1386 2292 1423 2329 &
1436 2290 1598 2332 deorſum
1611 2290 1786 2330 trahantur
1812 2292 1832 2331 &
1863 2289 2024 2330 fricentur
2038 2291 2125 2330 cali-

698 2353 749 2392 dis
768 2363 914 2403 pannis,
934 2353 956 2389 ſi
972 2364 1070 2390 mora
1084 2353 1245 2391 admittat.

792 2404 827 2434 6.
853 2401 1005 2429 Palatum
1020 2399 1206 2438 intingatur
1227 2397 1411 2438 unguento
1428 2387 1486 2427 ſeu
1499 2390 1752 2429 Mithridatico.

790 2459 825 2497 7.
848 2456 1054 2490 Infundatur
1069 2451 1105 2483 in
1122 2456 1164 2482 os
1179 2452 1269 2492 aqua
1285 2442 1512 2483 hirundinum
1528 2445 1585 2484 vel
1603 2441 1799 2483 ceraſorum
1815 2443 1972 2495 Spiritus.

2015 2486 2119 2528 8.Ad-
