1526 2362
699 384 854 423 Aᴄᴛvs
888 379 933 423 V.
999 384 1125 423 Sᴄᴇɴ.
1146 376 1206 413 III.

661 465 958 500 PARMENO.
987 471 1251 507 BACCHIS.

502 535 735 613 Aᴇᴅᴇᴘᴏʟ
760 577 809 604 ne
823 576 940 603 meam
955 576 1037 605 erus
1051 564 1119 605 eſſe
1133 577 1277 617 operam
1292 563 1407 616 depu-

1005 621 1062 659 tat
1078 621 1178 670 parui
1195 620 1311 670 pretii,

556 672 635 724 Qui
657 670 703 710 ob
724 683 799 710 rem
821 674 957 711 nullam
980 672 1093 715 miſit,
1121 673 1245 711 fruſtra
1266 672 1328 711 vbi
1351 681 1408 710 to-

965 733 1042 761 tum
1060 721 1179 761 deſedi
1192 723 1306 764 diem,

557 771 776 821 Myconium
791 772 969 822 hoſpitem
988 771 1076 810 dum
1098 771 1253 821 expeƈto
1277 774 1316 810 in
1330 783 1409 811 arce

1008 826 1307 868 Callidemidem?

555 877 678 930 Itaque
705 874 851 929 ineptus
872 875 982 919 hodie
1004 877 1093 918 dum
1117 879 1189 918 illic
1211 877 1335 923 ſedeo,
1369 889 1411 918 vt

962 928 1119 982 quisque
1135 939 1301 974 venerat,

1233 990 1267 1034 5
1295 985 1408 1023 Acce-

845 1072 921 1102 Leƈt.
950 1071 1063 1102 Variet.

592 1141 620 1167 I.
645 1144 694 1164 nae
709 1144 794 1166 meam
812 1136 844 1167 B.
865 1139 901 1167 V.
915 1139 958 1165 IS.
976 1139 1008 1166 E.
1021 1138 1084 1167 DH.
1099 1138 1147 1168 IR.
1169 1138 1196 1168 R.
1213 1139 1257 1169 HF.
1278 1138 1317 1169 II.
1339 1137 1426 1169 ME.

588 1184 700 1216 reputat
720 1179 771 1209 FF.
831 1185 862 1209 2.
885 1176 969 1217 Miſit
997 1175 1072 1207 illuc.
1089 1173 1158 1207 ME.
1208 1179 1235 1206 3.
1262 1177 1416 1208 Calidemi.

586 1221 658 1252 dem.
682 1223 754 1254 TM.
800 1228 830 1261 4.
858 1218 895 1253 Vt
913 1218 1072 1261 quisquam.
1090 1219 1138 1247 RB.
1178 1216 1235 1250 illi
1254 1218 1319 1256 pro
1332 1214 1409 1255 illic.

593 1275 648 1309 Gy.
675 1275 709 1302 R.

551 1351 582 1386 1)
605 1349 731 1390 deputat,
765 1350 787 1381 i.
803 1359 830 1381 e.
855 1350 941 1381 aeſtu-

504 1400 578 1424 mat.
623 1392 825 1434 Wahrhaftig,
869 1394 942 1423 mein

504 1438 585 1469 Herr
605 1434 686 1466 denkt
705 1434 788 1473 auch,
817 1434 877 1476 daß
892 1436 942 1467 alle

504 1481 593 1510 meine
628 1478 718 1510 Mühe
758 1488 814 1520 gar
854 1477 942 1508 nichts

502 1525 594 1556 werth
624 1526 668 1566 iſt.
717 1525 766 1557 Da
780 1524 890 1567 ſchickt
910 1537 942 1556 er

502 1563 576 1595 mich
607 1574 654 1593 um
682 1563 771 1594 nichts
798 1563 864 1594 nach
893 1562 943 1595 der

502 1609 653 1646 Ciradelle,
675 1621 720 1640 wo
741 1609 784 1640 ich
807 1609 858 1640 den
873 1618 941 1649 gan-

502 1666 558 1687 zen
573 1653 631 1696 Tag
646 1653 792 1694 vergebens
812 1653 940 1695 geſeſſen,

503 1693 563 1725 und
576 1694 632 1736 auf
641 1693 691 1725 den
704 1694 878 1735 Gaſtfreund
889 1704 941 1724 aus

503 1739 630 1779 Mykon,
662 1738 713 1771 den
745 1739 941 1772 Kallidemides

500 1790 639 1822 gewartet
671 1779 746 1813 habe.
780 1789 809 1810 v.
820 1788 851 1820 4.
895 1781 940 1813 Ich

495 1827 557 1869 ſaß
569 1829 617 1863 da,
643 1830 698 1859 wie
715 1830 759 1861 ein
772 1829 869 1865 Narr,
888 1827 945 1859 und

496 1871 597 1914 ſobald
606 1871 648 1903 ich
665 1872 807 1903 Iemanden
821 1870 943 1902 kommen

494 1917 566 1959 ſah,
589 1916 625 1957 ſo
647 1919 732 1960 gieng
750 1918 793 1950 ich
815 1920 877 1961 auf
896 1918 943 1952 ihn

505 1972 560 1999 zu;
583 1962 668 1994 hören
689 1949 731 2004 ſie
759 1960 841 2001 doch,
859 1957 942 2003 ſagte

975 1349 1036 1388 ich,
1068 1348 1178 1380 nehmen
1200 1348 1243 1390 ſie
1275 1361 1303 1381 es
1335 1349 1409 1381 nicht

976 1398 1050 1435 übel,
1065 1397 1132 1436 ſind
1145 1396 1187 1436 ſie
1209 1409 1260 1428 aus
1278 1398 1410 1435 Mykon?

976 1442 1063 1472 Nein.
1078 1442 1186 1483 Heiſſen
1199 1441 1237 1479 ſie
1246 1441 1411 1473 Kallidemi-

975 1482 1043 1513 des?
1066 1482 1158 1513 Nein:
1184 1481 1268 1512 haben
1283 1479 1318 1516 ſie
1334 1480 1410 1511 nicht

975 1523 1036 1554 hier
1054 1525 1131 1553 einen
1149 1522 1336 1563 Gaſtfreund,
1359 1524 1410 1555 der

976 1567 1171 1599 Kallidemides
1189 1566 1292 1607 heißt?
1314 1568 1410 1604 Nein;

974 1612 1011 1642 So
1036 1611 1136 1652 ſagten
1166 1609 1207 1648 ſie
1247 1611 1306 1644 alle.
1362 1612 1411 1646 Ich

969 1652 1069 1694 glaube
1090 1652 1149 1695 daß
1165 1651 1225 1685 kein
1248 1653 1411 1687 Kallidemi-

973 1698 1020 1728 des
1031 1699 1060 1728 in
1069 1697 1118 1729 der
1131 1699 1208 1731 Welt
1220 1699 1264 1740 iſt.
1291 1697 1410 1730 Endlich

966 1734 1100 1778 ſchaemte
1138 1738 1181 1770 ich
1229 1737 1314 1775 mich,
1352 1736 1425 1769 und

970 1783 1054 1827 gieng
1084 1796 1153 1828 weg.
1201 1787 1277 1819 Aber
1296 1788 1331 1818 da
1345 1788 1411 1829 ſehe

976 1826 1019 1857 ich
1040 1831 1067 1860 ia
1088 1826 1203 1860 Bacchis
1223 1837 1276 1858 von
1299 1828 1412 1867 unſerm

975 1870 1211 1914 Schwiegervater
1236 1870 1412 1904 herauskom-

975 1929 1045 1951 men.
1092 1921 1163 1952 Was
1176 1919 1248 1961 muß
1263 1917 1301 1957 ſie
1318 1918 1353 1951 da
1371 1928 1413 1949 zu

974 1963 1044 1998 thun
1055 1964 1157 2008 gehabt
1167 1965 1275 1999 haben?
