1568 2334
439 435 778 486 VNIVERSALIS.

1005 463 1105 505 197

176 494 271 524 Lucae
280 494 313 524 de
324 501 415 526 Linda
425 506 590 536 Deſcriptio
606 512 701 553 Orbis
712 521 743 552 et
758 527 889 552 onnium
903 517 1015 556 Rerum
1031 526 1099 561 pu-

269 537 366 581 blicar.
413 558 499 581 Ienae
519 559 610 587 1670,
622 560 652 600 8.

218 582 262 622 *)
289 583 416 613 Primum
428 590 596 623 adſpexerat
604 599 699 633 lucem
710 598 828 641 Amſtel.
841 599 931 645 1665.
942 607 974 647 8.

217 624 291 667 **)
313 626 440 670 Pertinet
450 634 510 669 huc
528 641 570 676 La
579 643 754 685 Geographie
770 647 943 687 Vniuerſelle,
949 652 971 685 i.
980 645 1009 689 e.
1019 645 1099 687 Geo-

301 680 430 719 graphia
456 681 634 712 Vniuerſalis
656 687 775 712 auctore
801 688 836 726 de
856 689 888 723 la
902 694 997 727 Croix,
1019 694 1101 729 Geo-

294 717 418 763 grapho
430 728 527 767 regio.
538 727 634 765 Pariſ.
642 727 731 765 1693,
743 735 789 759 12.
799 731 880 765 alph.
890 738 918 757 2.
930 734 971 763 pl.
982 739 1029 757 12.
1056 739 1097 756 Ex

300 762 408 792 Gallico
416 769 518 793 autem
531 776 562 801 in
575 769 783 805 Germanicum
792 778 879 810 vertit
888 781 1025 810 auxitque
1035 782 1097 815 Hie-

299 807 361 843 ron.
382 814 517 852 Dicelius,
543 812 651 853 Lipſiae
662 812 750 852 1697.
757 819 788 845 4.
801 816 882 850 alph.
892 823 922 850 9.
934 821 973 851 pl.
982 823 1009 843 8.
1019 821 1097 853 figg.

301 859 367 883 aen.
383 848 431 892 pl.
437 852 484 896 24.
498 856 582 883 cuius
601 855 720 882 rubrum
737 855 794 882 eſt:
817 857 889 885 Des
899 862 1001 891 Herrn
1020 867 1053 901 de
1066 870 1097 906 la

298 893 392 926 Croix
404 896 578 935 allgemeine
590 893 905 934 Welt⸗Beſchreibung
921 912 977 928 etc.

173 924 246 961 Phil.
254 925 381 957 Cluuerii
390 935 570 957 Introductio
578 938 609 954 in
618 936 789 955 Vniuerſam
794 939 1031 983 Geographiam,
1037 959 1096 985 tam

257 991 404 1014 veterem,
441 992 530 1023 quam
546 986 680 1019 Nouam,
699 991 765 1014 cum
783 981 904 1014 Tabulis
920 987 1097 1023 Geograph.

258 1033 347 1064 opera
360 1031 400 1061 Io.
414 1027 548 1056 Bunonis.
563 1024 741 1068 Brunſuigae
754 1026 852 1065 1672,
867 1035 900 1062 4.

174 1060 211 1091 Io.
222 1062 320 1090 Boteri
329 1060 500 1090 Relationes
514 1060 549 1086 de
560 1066 725 1099 praecipuis
739 1071 920 1099 Rebuspubl.
936 1079 1002 1088 cum
1013 1072 1094 1089 notis

255 1109 321 1142 Iuſti
336 1105 530 1147 Reifenbergi:
551 1114 621 1138 cura
628 1112 763 1150 Ludolphi
775 1116 824 1140 Ge.
831 1117 939 1140 Lünde.
981 1116 1095 1137 Helm-

251 1146 325 1189 ſtad.
347 1148 435 1186 1664,
450 1154 484 1185 4.

169 1185 322 1227 Chriſtoph.
344 1189 456 1216 Cellarii
479 1193 597 1217 Notitia
618 1194 699 1215 orbis
720 1198 846 1224 Antiqui
861 1201 883 1215 ſ.
900 1201 1094 1226 Geographia

252 1233 380 1267 Plenior.
397 1235 505 1275 Lipſiae
522 1236 635 1263 Tomus
649 1238 674 1265 I.
691 1241 779 1271 1701.
802 1242 888 1266 Tom.
896 1247 937 1265 Il.
958 1249 1054 1268 1706,
1063 1257 1095 1269 4.

253 1277 323 1303 mai.

210 1311 257 1355 *)
280 1314 342 1345 Iam
359 1310 430 1344 olim
449 1320 513 1343 cum
523 1308 627 1354 plauſu
638 1318 822 1360 eruditorum
832 1333 956 1368 excepta
967 1335 1031 1370 erat

253 1365 280 1393 I.
299 1358 395 1399 Chriſt.
414 1360 529 1391 Cellarii
550 1361 742 1402 Geographia
763 1380 896 1409 Antiqua
907 1375 943 1415 ad
958 1383 1095 1413 veterum

335 1405 530 1439 Hiſtoriarum
552 1407 575 1438 ſ.
590 1414 614 1438 a
636 1416 783 1446 principio
809 1423 908 1437 rerum
928 1419 966 1437 ad
987 1419 1096 1438 CON-

335 1451 530 1487 STANTINI
551 1453 593 1483 M.
607 1457 743 1491 tempora
760 1457 958 1489 deductarum,
977 1462 1096 1481 facilio-

336 1506 400 1529 rem
408 1497 639 1539 explicationem
639 1500 800 1539 adparata.
838 1504 933 1530 Cizae
943 1504 1034 1534 1686.
1049 1509 1093 1531 12.

252 1544 285 1573 2.
303 1541 401 1570 Eiusd.
423 1539 617 1578 Geographia
639 1543 731 1572 Noua
752 1542 774 1572 ſ.
791 1542 975 1570 Hodiernam
991 1549 1094 1569 Terra-

335 1593 400 1615 rum
416 1585 498 1614 orbis
506 1585 608 1617 faciem
620 1585 770 1617 clariſſime
786 1586 950 1621 illuſtrans,
978 1590 1016 1613 ad
1033 1596 1094 1614 no-

336 1622 418 1657 ſtror.
442 1629 609 1662 temporum
623 1630 762 1655 hiſtorias
777 1635 1008 1655 accommodata.
1049 1634 1094 1651 Ci-

335 1679 397 1703 zae
417 1669 506 1706 1687,
518 1678 568 1704 12.

212 1702 284 1746 **)
305 1708 343 1735 Io.
358 1709 442 1745 Luyts
459 1710 642 1734 Introductio
660 1715 696 1735 ad
708 1717 912 1742 Geographiam
932 1725 1042 1754 nouam
1061 1730 1092 1759 et

293 1762 431 1788 veterem,
443 1756 489 1786 cui
497 1754 664 1787 adiciuntur
679 1762 806 1788 Oceani,
815 1763 934 1787 Terrae,
953 1769 982 1785 et
998 1765 1094 1785 cuius-

289 1810 347 1840 que
358 1805 493 1846 regionis
505 1802 647 1840 Tabulae,
661 1808 751 1834 etiam
768 1807 895 1835 Chartae
915 1807 1004 1835 LXV.
1013 1808 1093 1831 Sam-

282 1842 372 1881 ſonis,
387 1845 464 1877 edita
477 1845 595 1874 Traiecti
604 1846 640 1874 ad
648 1847 744 1880 Rhen.
763 1851 854 1884 1692,
868 1853 900 1882 4.
912 1851 988 1874 vitiis
1003 1849 1093 1872 ſcatet

293 1895 385 1927 quam
394 1887 537 1928 plurimis,
545 1887 713 1929 praeſertim
724 1900 801 1931 quae
814 1894 943 1919 noſtram
958 1894 1094 1929 patriam,

293 1934 448 1962 Saxoniam
464 1939 494 1963 et
505 1942 581 1974 quae
593 1932 662 1963 huic
669 1935 813 1970 adiacent,
831 1936 967 1972 ſpectant.

212 1965 313 2009 ***)
339 1968 438 2008 Magis
451 1973 544 2003 placet
559 1976 681 2012 eruditis
688 1979 786 2016 Tauole
797 1982 880 2015 Della
887 1977 1039 2015 Geografia
1039 1979 1059 2015 i.
1067 1985 1095 2020 e.

295 2017 490 2061 Geographia
512 2019 643 2059 Antiqua
658 2026 688 2048 et
706 2023 825 2051 Noua,
862 2022 1047 2050 Eccleſiaſtica
1062 2029 1093 2048 et

291 2065 407 2105 ciuilis,
421 2068 454 2098 in
467 2064 582 2098 tabulas
607 2066 777 2107 Synopticas
801 2077 810 2099 a
825 2066 1037 2100 SANSONIIS
1049 2078 1094 2097 re-

634 2114 671 2150 N
670 2125 705 2161 3

1004 2120 1090 2152 dacta
