2749 3151
812 1702 941 1746 Quando
965 1707 1042 1741 iudi-

812 1754 838 1783 ci
864 1754 976 1787 teſtanti
1005 1757 1039 1788 fi-

812 1804 862 1834 des
885 1798 1017 1836 habenda

810 1841 856 1876 ſit.

797 2374 904 2405 Vtrum
915 2375 1002 2409 iudici

796 2423 868 2457 fides
889 2424 1020 2460 habenda

794 2471 829 2503 ſit
836 2470 896 2502 ſine
904 2472 975 2502 iure-

794 2508 926 2544 iurando.

1699 605 1775 645 Art.
1808 617 1846 651 4.

1199 639 1292 679 Wahr
1303 639 1466 692 demnach,
1482 643 1554 697 daſs
1568 649 1691 700 Kläger
1709 654 1759 690 die
1774 654 1914 696 libellirte
1934 658 2145 707 Gewohnheit,
2159 665 2252 715 kraft
2266 668 2363 708 deren
2377 675 2443 710 eine

1095 685 1208 728 Wittbe
1221 690 1322 727 ihrem
1336 691 1549 745 verſtorbenen
1568 700 1726 740 Ehemann
1744 707 1777 739 in
1794 704 1865 742 dem
1885 710 1967 753 Fall,
1985 711 2026 748 da
2045 714 2142 766 deſſen
2160 717 2356 771 Geſchwiſter
2369 735 2442 763 vor-

1085 736 1220 786 handen,
1236 744 1296 775 mit
1310 741 1549 799 Ausſchlieſſung
1560 748 1769 805 dererſelben,
1787 769 1829 793 ex
1849 759 1908 795 aſſe
1935 765 2004 799 und
2022 762 2114 804 allein
2131 781 2175 805 zu
2187 768 2374 823 ſuccediren
2392 776 2452 815 be-

1073 784 1172 837 fugt,
1188 801 1250 827 zur
1267 785 1446 846 Nothdurft
1464 789 1619 849 erwieſen,
1638 802 1701 850 alſo
1723 806 1893 859 Beklagter
1909 811 1957 847 die
1964 812 2107 867 ſtreitige
2120 818 2291 873 Erbſchaft
2306 831 2440 866 vermit-

1084 839 1153 884 telſt
1164 845 1244 880 eines
1254 842 1447 897 beſtändigen
1460 851 1634 890 Inuentarii
1648 855 1725 898 oder
1737 859 1894 910 eydlicher
1912 863 2159 919 Specification,
2183 884 2260 910 cum
2280 874 2435 917 fructibus

1082 893 1246 943 perceptis
1260 908 1295 933 et
1306 901 1539 948 percipiendis,
1553 907 1688 958 Klägers
1700 912 1895 963 Principalin
1909 924 2189 961 auszuantworten
2196 924 2372 983 ſchuldig?

1525 955 1582 993 Eſt
1595 946 1732 996 illatiuus
1746 969 1781 995 et
1791 960 1882 1000 iuris.

1180 1002 1252 1037 Vbi
1273 999 1514 1043 obſeruandum
1534 1007 1582 1043 eſt
1601 1010 1641 1056 α)
1658 1011 1775 1055 actori,
1803 1027 1846 1052 ne
1860 1017 2030 1057 articulum
2042 1021 2140 1073 ſuper
2151 1027 2262 1075 primo
2275 1033 2434 1080 requiſito

1076 1046 1351 1098 (rationabilitate)
1365 1054 1498 1102 formet,
1514 1059 1570 1097 ſed
1590 1062 1671 1100 illud
1683 1064 1809 1104 ſilentio
1827 1072 2075 1122 praetermittat,
2096 1078 2180 1124 quia,
2196 1090 2234 1114 vt
2248 1081 2326 1123 dixi,
2343 1086 2434 1122 idem

1074 1097 1155 1136 illud
1169 1100 1392 1153 praeſumitur,
1408 1116 1506 1155 atque
1520 1108 1604 1147 adeo
1618 1113 1817 1165 probatione
1833 1118 1920 1157 haud
1936 1131 2032 1171 eget:
2051 1128 2147 1175 quod
2160 1128 2184 1164 ſi
2202 1140 2311 1167 tamen
2325 1137 2429 1173 nihilo

1074 1146 1172 1185 fecius
1188 1149 1350 1189 eiusmodi
1361 1155 1529 1196 articuium
1545 1162 1740 1202 concinnare
1752 1166 1841 1212 velit,
1862 1170 2020 1211 ſubiiciat:
2049 1188 2126 1213 eum
2147 1179 2190 1214 de
2210 1181 2280 1217 iure
2301 1188 2429 1234 praeſu-

1073 1201 1131 1236 mi.
1180 1202 1225 1247 β)
1251 1215 1305 1244 ea,
1324 1216 1409 1253 quae
1424 1210 1558 1250 articulo
1576 1225 1609 1261 3.
1627 1217 1854 1267 continentur,
1874 1223 1914 1260 ad
1927 1225 2087 1271 formam,
2112 1230 2145 1265 in
2160 1233 2274 1282 primis
2288 1236 2427 1276 Saxoni-

1070 1260 1160 1290 cam,
1192 1253 1254 1288 eſſe
1275 1254 1455 1295 referenda.
1508 1271 1621 1299 contra
1642 1277 1725 1302 vero
1747 1270 1779 1304 in
1801 1273 1877 1308 foro
1899 1281 2068 1313 communi
2091 1281 2254 1319 eiusmodi
2276 1290 2426 1326 articulus

1068 1312 1147 1337 cum
1158 1303 1329 1344 latitudine
1343 1307 1504 1360 temporis
1524 1314 1566 1349 ita
1579 1316 1786 1367 accipiendus
1806 1325 1868 1365 eſt,
1894 1337 1932 1362 vt
1953 1330 2108 1367 eiusdem
2119 1335 2266 1372 definitio
2290 1342 2422 1377 arbitrio

1067 1349 1181 1388 iudicis
1199 1356 1418 1404 permittatur.
1471 1370 1668 1411 quanquam,
1684 1377 1967 1421 quemadmodum
1980 1385 2145 1426 praedixi,
2158 1388 2214 1418 vſu
2229 1399 2362 1433 recepta
2377 1395 2424 1423 eſt

1063 1400 1312 1445 Canoniſtarum
1329 1409 1503 1453 diſtinctio,
1525 1416 1609 1451 inter
1624 1422 1891 1459 conſuetudinem
1908 1436 2039 1475 praeter
2055 1441 2089 1464 et
2102 1442 2217 1469 contra
2229 1440 2294 1472 ius:
2320 1443 2362 1475 ad
2376 1445 2422 1476 al-

1062 1466 1166 1495 teram
1174 1458 1290 1497 decem
1299 1464 1373 1500 anni
1384 1462 1561 1512 ſufficiunt;
1579 1469 1758 1516 adalteram
1772 1475 1980 1530 requiruntur
1984 1495 2230 1533 quadraginta.
2260 1491 2301 1539 γ)
2314 1492 2422 1545 Quod

1062 1509 1105 1545 ad
1116 1511 1284 1550 articulum
1299 1528 1337 1561 4.
1352 1516 1433 1554 nihil
1450 1519 1607 1568 intereſſe,
1623 1524 1721 1565 vidua
1737 1529 1837 1569 actrix
1856 1531 1903 1576 ſit,
1920 1545 1960 1571 an
1972 1545 2039 1578 rea,
2054 1538 2326 1593 quandoquidem
2339 1549 2422 1586 haec

1059 1558 1295 1606 circumſtantia
1308 1576 1380 1601 rem
1399 1566 1499 1614 ipſam
1512 1582 1582 1606 non
1596 1575 1750 1622 attingit,
1760 1590 1826 1614 nec
1840 1581 1896 1629 ius
1922 1593 2028 1627 mutat,
2049 1596 2150 1634 atque
2166 1594 2249 1627 adeo
2264 1606 2327 1631 nec
2340 1598 2421 1634 illud

1059 1607 1177 1651 efficit,
1196 1619 1233 1646 vt
1245 1620 1427 1664 propterea
1442 1620 1529 1658 actus
1550 1622 1713 1664 diſſimiles
1732 1628 1794 1666 eſſe
1805 1623 2059 1685 intelligantur.
2096 1637 2248 1695 Compara
2270 1647 2418 1700 Schultes

1053 1663 1169 1711 quaeſt.
1185 1672 1239 1705 78.

1160 1713 1247 1747 Nota
1266 1718 1303 1751 6.
1322 1716 1428 1753 Iudici
1440 1720 1545 1758 fidem
1558 1722 1672 1761 haberi
1685 1726 1728 1762 de
1742 1727 1800 1769 iis,
1818 1738 1907 1777 quae
1921 1742 2033 1770 coram
2046 1734 2118 1784 ipſo
2135 1751 2153 1773 a
2165 1743 2311 1790 partibus
2327 1750 2414 1793 geſta

1053 1756 1142 1798 ſunt,
1166 1769 1206 1794 vt
1229 1762 1458 1804 transactiones
1483 1768 1570 1806 inter
1600 1780 1709 1821 partes
1733 1773 1849 1821 initae,
1869 1779 1989 1818 donec
2017 1792 2215 1825 contrarium
2238 1798 2412 1844 probetur,

1051 1808 1168 1853 Carpz.
1177 1804 1271 1859 deciſ.
1281 1816 1332 1854 48.
1346 1812 1461 1857 modo,
1476 1827 1515 1855 vt
1522 1820 1559 1856 F.
1566 1824 1614 1859 V.
1621 1824 1672 1863 M.
1682 1819 1807 1866 Octobr.
1820 1830 1891 1876 1692.
1908 1832 1952 1866 de
1959 1835 2030 1870 iure
2037 1839 2221 1888 reſpondit,
2249 1853 2409 1882 atteſtatio

1050 1853 1163 1891 iudicis
1179 1866 1267 1893 certa
1281 1871 1319 1893 ac
1332 1860 1480 1912 ſpecifica
1493 1867 1541 1908 ſit,
1554 1878 1635 1911 non,
1648 1869 1673 1905 ſi
1684 1881 1765 1919 vaga
1781 1888 1815 1910 et
1827 1887 2002 1928 generalis,
2023 1913 2057 1935 v.
2070 1897 2099 1934 c.
2117 1896 2140 1944 ſi
2157 1904 2292 1936 quando
2305 1906 2409 1957 iudex

1048 1905 1083 1940 in
1098 1917 1220 1952 genere
1234 1912 1278 1947 de
1291 1913 1373 1951 facto
1389 1915 1551 1955 heredum
1565 1918 1708 1965 teſtetur,
1724 1937 1793 1962 non
1812 1933 1965 1979 expreſſis
1979 1951 2095 1974 eorum
2110 1951 2314 1983 nominibus;
2338 1966 2408 1999 non

1049 1966 1159 1995 autem
1172 1959 1286 1998 haberi
1297 1965 1332 1998 in
1344 1964 1399 2005 iis,
1424 1978 1510 2013 quae
1532 1970 1575 2006 ad
1583 1971 1690 2022 ipſum
1702 1978 1816 2018 iudicis
1840 1987 1995 2026 officium,
2013 1996 2212 2036 faƈtumque,
2226 2007 2404 2041 pertinent,

1043 2019 1083 2044 vt
1095 2008 1167 2046 ſunt
1181 2011 1328 2058 decreta,
1353 2014 1553 2075 Abſchiede,
1555 2021 1735 2077 Beſcheide,
1761 2033 1794 2065 in
1817 2040 1928 2073 cauſſis
1945 2047 2152 2087 priuatorum
2164 2054 2343 2092 publicata,
2370 2065 2406 2084 et

1043 2062 1166 2103 ſimilia.
1191 2078 1218 2103 c.
1229 2080 1263 2105 u.
1273 2070 1307 2104 X.
1323 2070 1362 2106 de
1368 2068 1499 2123 probat.
1512 2085 1582 2127 arg.
1599 2089 1627 2114 c.
1636 2087 1684 2121 28.
1695 2082 1730 2120 X.
1746 2084 1785 2121 de
1801 2088 1896 2135 teſtib.
1912 2089 2015 2142 Deciſ.
2031 2095 2126 2133 Elect.
2145 2100 2223 2135 Sax.
2233 2108 2266 2145 3.
2285 2105 2402 2152 Carpz.

1041 2113 1121 2151 Dec.
1129 2126 1161 2161 3.
1214 2115 1355 2165 Regula:
1383 2124 1515 2173 quoties
1529 2128 1712 2168 atteſtatum
1726 2135 1839 2175 iudicis
1849 2139 1951 2177 habet
1972 2148 2014 2177 de
2027 2143 2111 2180 facto
2127 2149 2239 2184 iudicis
2250 2166 2399 2206 proprio;

1042 2161 1140 2200 toties
1155 2163 1219 2201 ſine
1233 2166 1306 2205 actis
1326 2180 1396 2208 non
1408 2172 1508 2212 valet:
1536 2180 1668 2224 quoties
1689 2191 1798 2219 autem
1819 2190 2000 2225 atteſtatum
2018 2196 2131 2232 iudicis
2144 2203 2244 2234 habet
2258 2212 2301 2234 de
2313 2214 2398 2239 facto

1038 2210 1155 2260 alieno,
1188 2226 1268 2265 puta
1293 2223 1452 2273 partium,
1484 2226 1581 2264 toties
1608 2229 1712 2274 valet,
1738 2244 1845 2284 vsque
1879 2242 1959 2276 dum
1992 2258 2189 2300 contrarium
2222 2263 2397 2298 probetur,

1039 2269 1143 2308 modo
1172 2272 1262 2311 idem
1285 2276 1367 2314 illud
1392 2277 1543 2331 ſpecifice
1568 2284 1740 2330 conditum
1766 2291 1819 2337 ſit,
1853 2307 1922 2331 non
1948 2302 1981 2334 in
2006 2306 2103 2342 folle,
2137 2315 2175 2336 vt
2201 2311 2335 2350 dicitur,
2361 2325 2397 2346 et

1034 2324 1227 2371 generatim.

1135 2379 1221 2416 Nota
1236 2394 1272 2430 7.
1299 2381 1417 2428 Iudici,
1444 2396 1483 2424 vt
1495 2386 1568 2434 tali,
1593 2391 1696 2433 fidem
1709 2397 1775 2433 ſine
1788 2393 1998 2440 iureiurando
2009 2404 2133 2451 haberi,
2159 2420 2197 2444 vt
2208 2415 2296 2454 teſti,
2324 2431 2392 2452 non

1033 2423 1154 2467 haberi.
1180 2432 1224 2467 ita
1243 2432 1344 2471 iudici
1361 2438 1500 2475 omnino
1522 2444 1665 2481 creditur
1684 2450 1751 2485 ſine
1771 2452 1999 2495 iureiurando,
2025 2457 2047 2491 ſi
2061 2464 2200 2508 quidem
2214 2471 2392 2507 atteſtetur,

1031 2475 1285 2529 appellationem
1299 2494 1409 2519 coram
1423 2490 1454 2524 ſe
1468 2491 1525 2526 hoc
1537 2497 1589 2526 vel
1602 2499 1710 2531 altero
1722 2500 1773 2532 die
1786 2501 1848 2533 eſſe
1858 2501 2100 2553 interpoſitam,
2124 2520 2240 2556 prouti
2254 2522 2390 2552 Senatus

1030 2531 1168 2575 cenſuit,
1194 2534 1227 2570 in
1248 2539 1347 2578 cauſſa
1368 2544 1477 2582 Annen
1497 2546 1629 2587 Marien
1650 2548 1828 2601 Gardinin,
1854 2564 1970 2595 contra
1988 2563 2147 2614 Suſannen
2170 2569 2386 2619 Ettmüllerin,

1029 2582 1139 2633 Conſil.
1151 2582 1281 2634 hybern.
1298 2596 1397 2634 1678.
