3200 4622
1086 537 1150 594 19.
1182 534 1356 583 Epiſtolæ
1372 532 1544 581 Heraclii
1563 526 1805 580 Imperatoris
1836 525 1883 564 ad
1909 523 2142 581 Sophoclem
2169 522 2415 582 Sophiſtam,
2440 523 2643 582 Sophoclis
2666 523 2830 582 Sophiſt,
2850 526 2901 569 ad

1140 596 1296 643 Heracl.
1314 590 1490 643 Imperat.
1510 587 1558 626 C.
1580 589 1745 627 Antonii
1765 585 1812 625 ad
1832 587 1891 646 Q
1904 585 2104 642 Soranum.
2163 581 2381 640 Cleopatræ
2400 586 2605 639 reginæ
2556 577 2603 633 ad
2624 586 2737 626 eund.
2769 585 2798 641 Q.
2827 585 2900 641 So-

1127 660 1220 704 rani
1240 656 1288 700 ad
1309 654 1522 695 Antonium
1538 649 1578 684 &
1602 642 1850 698 Cleopatram
1868 645 1915 683 de
1933 642 2142 700 Priapiſmo
2153 642 2368 699 Cleopatræ
2385 645 2524 695 reginæ
2543 645 2670 694 ejusve
2687 642 2899 691 Remediis,

1140 719 1176 765 in
1206 716 1331 760 lucem
1361 708 1509 758 prolata
1527 716 1575 742 ex
1591 700 1773 743 Biblioth.
1795 701 1940 743 Melch.
1964 700 2237 750 Haiminsfeld,
2254 701 2439 743 Goldaſti.
2495 701 2646 749 Extant
2672 714 2763 741 cum
2790 701 2897 742 Pria-

1142 784 1232 833 peiis
1257 779 1438 832 Scioppii.
1459 782 1495 821 8.

1083 841 1149 882 20.
1181 829 1417 879 MDCVIII.
1451 826 1607 858 molitus
1623 823 1678 858 eſt
1704 815 1929 873 opuſculum
1953 816 2000 858 de
2026 816 2221 871 Johanna
2250 815 2438 874 Papiſſa,
2464 814 2593 858 indice
2615 817 2687 875 Ep.
2709 814 2895 860 Thulem.

1137 895 1410 935 CCXXXVI.

1084 954 1150 997 zI.
1178 954 1391 997 Imperialia
1410 941 1565 980 decreta
1582 939 1632 973 de
1649 937 1764 972 cultu
1778 934 2013 984 imaginum.
2073 929 2246 974 Francof.
2274 936 2394 981 1608.
2413 939 2448 977 8.
2470 931 2564 974 Mai.

1086 1015 1154 1059 22.
1190 1017 1348 1051 Monita
1367 1004 1543 1045 Politica
1561 1003 1661 1036 edita
1679 1001 1754 1036 hoc
1770 1008 1890 1041 anno,
1910 999 1962 1035 uti
1983 997 2052 1052 Ep.
2076 998 2155 1040 Th.
2172 1000 2429 1041 CCXLVIII.

1086 1070 1152 1118 23.
1180 1060 1340 1114 Thuani
1359 1058 1615 1104 Hiſtoriarum
1645 1058 1788 1104 novam
1809 1051 2031 1086 Editionem
2058 1044 2412 1087 Francofurtenſem
2439 1051 2586 1089 curavit
2604 1043 2836 1094 MDCVIIl.
2852 1052 2897 1092 &

1143 1118 1369 1160 MDCIX.,
1398 1114 1539 1152 menda
1555 1112 1717 1159 ſuſtulit,
1746 1111 1879 1152 omiſſa
1899 1116 1937 1151 in
1959 1111 2197 1152 Editionibus
2215 1110 2467 1152 anterioribus
2492 1112 2676 1158 reſtituit,
2703 1111 2898 1163 margina-

1143 1190 1192 1227 lia
1217 1187 1371 1227 addidit.
1403 1185 1448 1234 (*)

1154 1234 1386 1282 (*)Prodiere
1396 1224 1604 1267 Offenbachi
1604 1223 1774 1266 MDCIX
1786 1223 1820 1254 &
1829 1215 2051 1259 Francofurti
2051 1215 2214 1259 MDCX.
2223 1215 2283 1254 fol.
2308 1213 2458 1264 Exempla
2466 1213 2532 1263 hæc
2546 1215 2763 1261 Goldaſtina,
2766 1236 2899 1261 docen.

1259 1294 1291 1321 te
1311 1284 1376 1336 Ep.
1396 1284 1658 1327 CCXXXVIII.
1675 1286 1852 1323 CCCXII.
1874 1284 2086 1323 CCCXXV.
2109 1293 2181 1318 non
2202 1280 2435 1332 probantibus
2452 1279 2607 1319 Thuano
2629 1283 2771 1329 ejusque
2784 1280 2900 1317 amico

1260 1342 1543 1386 Lingelsheimio.

1088 1392 1153 1430 24.
1194 1380 1663 1438 Reichs - Handlungen.
1690 1378 1842 1420 Hanau
1858 1379 2063 1421 MDCIX.
2081 1378 2146 1421 fol.
2176 1378 2330 1421 Recuſæ
2353 1374 2593 1419 Francofurti
2616 1387 2737 1430 1712.
2754 1374 2824 1419 fol.
2839 1379 2898 1436 (*)

1159 1447 1210 1497 (*)
1238 1442 1432 1486 Separanda
1448 1448 1543 1471 erant
1564 1437 1688 1472 Latina
1708 1438 1724 1471 à
1754 1434 1980 1474 Germanicis,
1998 1444 2070 1479 quo
2089 1428 2286 1487 promptius
2305 1428 2576 1481 Conſtitutiones
2592 1442 2744 1472 emtores
2760 1442 2898 1471 exteros

1262 1497 1484 1527 invenirent,
1508 1492 1641 1533 quippe
1661 1486 1848 1522 mixturam
1874 1487 1981 1522 Tom.
1995 1488 2018 1520 I.
2038 1496 2130 1521 nunc
2149 1494 2262 1521 autem
2279 1485 2415 1532 quarti,
2431 1486 2524 1523 libro
2537 1485 2600 1522 ſuo
2618 1482 2815 1522 admodum
2831 1484 2899 1523 ob-

1259 1547 1357 1578 fuiſſe
1374 1544 1604 1585 conqueritur
1620 1537 1738 1572 noſter
1753 1539 1790 1574 in
1814 1537 1873 1587 Ep.
1895 1530 1950 1583 MS.
1977 1537 2019 1574 ad
2031 1537 2188 1575 Hortled.
2206 1536 2245 1575 Et
2261 1534 2342 1574 inde
2360 1545 2480 1573 natum
2495 1534 2566 1572 hoc
2583 1546 2687 1579 opus.

1087 1607 1153 1649 25.
1191 1605 1253 1632 De
1269 1601 1390 1644 officio
1412 1594 1583 1632 Comitis
1600 1590 1791 1635 Palatini
1809 1590 2067 1637 Conſultatio.
2096 1589 2150 1643 (*)

1158 1656 1443 1711 (*)Opuſculum
1451 1652 1522 1676 hoc
1532 1646 1648 1676 noſter
1656 1643 1692 1675 in
1704 1642 1815 1676 aulam
1823 1639 2010 1676 Palatinam
2022 1636 2119 1682 miſit,
2129 1639 2151 1697 ſi
2164 1637 2316 1692 fidesEp.
2325 1640 2520 1681 CCXCVI.
2531 1642 2696 1684 CCCVI.
2708 1632 2904 1685 CCCXVI.

1258 1709 1357 1747 quod
1375 1700 1529 1740 accidiſſe
1540 1700 1723 1746 MDCIX.
1726 1695 1753 1753 3.
1767 1696 1868 1735 Febr.
1876 1696 1912 1733 in
1920 1695 2162 1747 Autographis
2171 1696 2274 1747 ipſius
2282 1696 2441 1735 Goldaſti
2457 1695 2685 1748 poſtmodum
2697 1707 2767 1749 ego
2777 1694 2900 1746 depre-

1261 1758 1394 1792 hendi,
1421 1753 1482 1785 ubi
1499 1748 1653 1786 Electori
1670 1758 1762 1795 opus
1776 1743 1880 1784 offert
1898 1747 1966 1784 hoc
1984 1745 2086 1784 titulo
2104 1744 2262 1798 inſigne:
2288 1751 2349 1784 Ein
2369 1748 2533 1793 Bedencken
2543 1747 2610 1783 über
2621 1749 2676 1783 das
2688 1753 2799 1792 Ampt,
2815 1750 2898 1784 Her-

1259 1813 1395 1845 kommen
1412 1805 1471 1835 und
1488 1803 1609 1836 Gewalt
1624 1800 1676 1835 der
1684 1797 1972 1847 Pfaltz-Graffen,
1989 1797 2195 1835 Statthalter-
2204 1798 2264 1835 und
2272 1799 2554 1844 Vicariat - Ampts
2572 1799 2618 1834 des
2634 1798 2826 1847 Churfürſten
2841 1799 2902 1834 und

1262 1852 1745 1900 Ertz - Truchſeſſen - Ampts.
1766 1852 1844 1887 Hoc
1860 1862 1946 1887 vero
1962 1847 2170 1900 opuſculum
2187 1861 2267 1886 cum
2282 1860 2353 1900 ego
2379 1848 2422 1886 de
2437 1849 2550 1900 Judicii
2565 1852 2703 1889 Palatini
2719 1854 2751 1887 in
2766 1850 2904 1898 Cæſarem

1261 1913 1344 1947 Aug.
1362 1907 1476 1936 Fabula
1493 1901 1622 1946 aliquid
1640 1899 1827 1947 meditatus
1844 1900 1941 1936 anxie
1958 1898 2075 1939 MSC.
2089 1896 2335 1948 quæſiviſſem,
2360 1898 2478 1935 inveni
2496 1897 2638 1934 tandem
2653 1890 2857 1936 titulotenus
2867 1899 2903 1935 in

1262 1960 1369 1994 Catal.
1392 1956 1480 1994 Bibl.
1507 1952 1670 1993 Goldaſti
1686 1965 1720 2005 p.
1742 1957 1797 2000 56.
1814 1954 1920 1992 Unde
1937 1954 2069 1991 Bremæ
2085 1962 2202 1990 extare
2221 1953 2382 1994 credidi,
2408 1966 2471 1990 nec
2488 1955 2524 1989 in
2541 1953 2606 1990 hac
2622 1964 2697 1989 mea
2708 1964 2824 1991 mente
2841 1952 2902 1991 fal-

1261 2012 1316 2042 ſus
1331 2011 1406 2044 fui,
1432 2006 1599 2050 ſiquidem
1614 2003 1787 2047 aliquanto
1803 2000 1912 2050 poſt,
1938 2015 1981 2039 ex
1996 2002 2083 2041 Bibl.
2100 2001 2269 2039 Bremenſi
2292 2000 2502 2048 deſcriptum
2519 2000 2612 2049 apud
2634 2002 2901 2039 celeberrimum

1262 2071 1300 2089 ac
1324 2059 1603 2089 humaniſſimum
1625 2055 1699 2088 Dn.
1722 2054 1938 2096 Schminckium
1953 2051 2103 2088 Caſſellis
2119 2052 2156 2088 id
2171 2051 2386 2100 deprehendi
2400 2054 2473 2091 XII.
2489 2051 2560 2087 fere
2578 2049 2731 2105 plagulas
2744 2050 2903 2101 implens,

1259 2122 1361 2148 atque
1379 2115 1398 2152 à
1414 2118 1468 2148 me
1485 2106 1657 2149 beneficio
1671 2106 1742 2143 ejus
1758 2102 1962 2147 perlectum.
2017 2098 2251 2136 Poſtmodum
2269 2105 2383 2134 autem
2399 2099 2571 2136 Patronus
2588 2094 2728 2144 quidam
2746 2097 2903 2148 optimus

1261 2176 1304 2203 ex
1322 2163 1480 2208 Archivo
1494 2158 1587 2193 haud
1604 2157 1649 2187 ita
1662 2156 1769 2189 longe
1783 2151 1865 2186 hinc
1881 2150 2021 2191 diſſito,
2044 2149 2298 2187 Germanicum
2314 2150 2537 2198 exemplum,
2563 2147 2619 2186 ſed
2635 2160 2797 2187 mancum
2814 2150 2902 2188 mihi

1260 2215 1422 2240 curavit,
1448 2216 1529 2235 cum
1546 2205 1714 2237 Latinum
1724 2195 1898 2237 Bremenſi
1911 2200 2017 2237 fuerit
2032 2198 2178 2249 plenius.

1089 2267 1154 2312 26.
1183 2258 1561 2300 Reichsſatzungen
1580 2254 1668 2288 Pars
1686 2253 1713 2287 I.
1734 2248 1802 2287 fol.
1827 2251 1946 2297 1609.
1963 2248 2051 2288 Pars
2067 2248 2114 2289 II.
2128 2246 2196 2289 fol.
2214 2243 2390 2289 Francof.
2413 2249 2535 2297 1613.
2551 2257 2632 2301 quo
2650 2248 2684 2287 in
2695 2236 2799 2289 loco
2819 2247 2902 2289 hoc

1144 2332 1241 2364 opus
1262 2328 1350 2348 cum
1374 2308 1795 2360 Reichshandlungen
1820 2316 1940 2357 1712.
1956 2305 2128 2347 recuſum
2151 2306 2203 2348 eſt
2218 2307 2391 2358 junctim.
2411 2305 2480 2350 fol.

1091 2391 1156 2432 27.
1185 2375 1409 2431 Petronius
1431 2380 1522 2415 cum
1541 2369 1642 2414 notis
1669 2368 1773 2414 hunc
1799 2365 1952 2404 titulum
1979 2358 2194 2406 præferens.
2225 2358 2275 2412 T.
2295 2358 2464 2394 Petronii
2490 2361 2632 2396 Atbitti
2658 2353 2755 2409 Equ.
2782 2362 2899 2396 Rom.

1144 2439 1367 2479 Satyricon,
1394 2438 1482 2467 cum
1504 2426 1774 2466 Petroniorum
1793 2424 2029 2480 Fragmentis
2052 2428 2203 2465 noviter
2226 2423 2471 2470 recenſitum,
2484 2423 2757 2479 interpolatum
2779 2429 2818 2465 &
2834 2438 2901 2466 au-

1145 2499 1263 2531 ctum.
1295 2488 1542 2528 Acceſſerunt
1565 2483 1716 2527 ſeorſim
1741 2485 1858 2527 Notæ
1890 2493 1932 2529 &
1959 2485 2257 2527 Obſervationes
2275 2483 2492 2526 Variorum.
2521 2485 2759 2540 Helenopoli
2782 2478 2902 2528 1610.

1147 2587 1185 2618 8.
1218 2554 1274 2620 (*)

1161 2616 1212 2656 (*)
1231 2609 1357 2656 Elogia
1372 2601 1565 2651 loquuntur
1576 2601 1787 2642 Goldaſtum
1806 2600 1990 2643 editorem,
2004 2612 2106 2650 quem
2120 2601 2155 2642 &
2171 2603 2280 2655 Epiſt.
2290 2602 2519 2645 CCCXLIII.
2536 2607 2642 2644 Notæ
2658 2598 2771 2641 eidem
2789 2601 2904 2642 tribu-

1261 2669 1389 2696 untur,
1405 2656 1558 2706 Georgii
1575 2653 1726 2693 Erhardi
1742 2666 1872 2691 nomen
1886 2652 2139 2705 præferentes,
2156 2664 2241 2701 quas
2252 2661 2367 2690 tamen
2384 2654 2513 2691 rectius
2530 2658 2590 2695 M.
2606 2656 2652 2693 C.
2669 2656 2833 2701 Londorpio
2851 2654 2906 2691 in-

1262 2712 1460 2745 ſcribendas
1475 2706 1695 2742 Burmannus
1711 2705 1818 2743 Tom.
1829 2707 1872 2744 Il.
1886 2702 1968 2742 edit.
1983 2703 2049 2742 ſuæ
2070 2715 2175 2750 1707.
2190 2713 2225 2749 4.
2243 2700 2374 2747 cenſet,
2389 2703 2446 2741 ſed
2464 2703 2534 2742 vid.
2543 2708 2698 2743 Placcium
2715 2705 2751 2742 in
2761 2705 2907 2743 Theatr.

1260 2768 1495 2808 Pſeudonym.
1504 2766 1538 2804 &
1551 2768 1774 2815 Anonymor.

1088 2819 1153 2857 28.
1185 2815 1407 2863 Epiſtolar.
1429 2808 1716 2859 Philologicar.
1746 2806 1960 2849 Centuria.
1991 2803 2166 2847 Francof.
2197 2809 2315 2848 1610.
2334 2812 2371 2854 8.
2408 2803 2564 2846 Recuſæ
2591 2817 2681 2846 cura
2695 2802 2903 2861 Conringii

1144 2869 1360 2927 Helmſtad.
1389 2881 1507 2930 1674.
1531 2884 1566 2925 8.
1589 2877 1652 2933 (*)

1159 2936 1214 2972 (*)
1233 2933 1427 2961 Continent
1437 2929 1546 2972 Epiſt.
1557 2921 1738 2960 Eruditor.
1753 2920 1820 2961 Sec.
1842 2913 1922 2975 XVI.
1942 2920 1964 2961 &
1978 2921 2014 2958 in
2025 2918 2112 2958 calce
2129 2917 2215 2959 duas
2232 2919 2274 2959 ad
2285 2919 2510 2963 Goldaſtum.
2519 2919 2656 2959 Omnes
2667 2930 2751 2958 vero
2764 2920 2840 2958 ſunt
2849 2931 2906 2957 ar-

1259 2990 1419 3034 gumenti
1435 2988 1569 3027 Critici.

1090 3036 1154 3072 29.
1182 3035 1380 3079 Diſcurſus
1403 3029 1561 3076 aliquot.
1580 3021 1800 3077 Epiſtolares
1822 3018 2247 3077 Politico-Theologici
2267 3021 2460 3061 variorum
2478 3021 2711 3067 authorum,
2730 3022 2778 3061 de
2793 3022 2904 3064 Statu

1145 3089 1323 3139 Reipubl.
1340 3087 1567 3123 Chriſtianæ
1584 3081 1871 3133 degenerantis,
1898 3081 2051 3122 collecti
2075 3095 2192 3136 opera
2210 3083 2307 3128 Mel.
2326 3081 2514 3123 Goldaſti.
2531 3078 2707 3122 Francof.
2729 3086 2849 3124 1610.
2862 3092 2903 3132 4.

1091 3151 1153 3187 30.
1184 3146 1306 3179 Publii
1330 3142 1478 3179 Ovidii
1496 3140 1662 3178 Naſonis
1681 3138 1834 3177 Erotica
1853 3141 1895 3175 &
1914 3137 2100 3174 amatoria
2115 3139 2317 3187 opuſcula,
2348 3139 2397 3174 de
2426 3139 2621 3175 amoribus
2647 3147 2728 3176 arte
2754 3139 2797 3177 &
2817 3150 2904 3177 mo-

1146 3209 1202 3232 dis
1224 3201 1393 3234 amandi,
1407 3203 1449 3230 &
1472 3206 1549 3241 qua
1565 3196 1712 3228 ratione
1729 3193 1812 3240 quis
1838 3190 1969 3244 amoris
1995 3199 2134 3244 compos
2157 3188 2239 3229 fieri
2258 3190 2413 3232 debeat;
2441 3187 2562 3228 Nunc
2581 3188 2751 3243 primum
2773 3202 2820 3229 ex
2840 3204 2903 3230 ve-

1145 3264 1252 3294 tuſtis
1274 3259 1508 3292 membranis
1526 3256 1567 3293 &
1584 3254 1696 3295 MSS.
1715 3250 1927 3293 Codicibus
1944 3249 2174 3304 deprompta
2193 3254 2234 3291 &
2256 3254 2296 3290 in
2324 3250 2448 3290 lucem
2467 3248 2590 3299 edita,
2622 3249 2765 3292 diverſa
2781 3251 2828 3291 ab
2847 3255 2904 3298 iis,

1145 3335 1228 3360 quæ
1247 3321 1363 3362 vulgo
1385 3321 1485 3346 inter
1503 3314 1583 3356 ejus
1599 3318 1715 3360 opera
1735 3306 1934 3359 leguntur:
1961 3318 2051 3347 cum
2075 3305 2153 3346 aliis
2167 3305 2392 3360 quibuſdam
2422 3304 2589 3357 ejuſdem
2624 3313 2839 3361 argumenti
2855 3311 2902 3347 li-

1144 3383 1272 3414 bellis,
1309 3381 1375 3421 qui
1392 3385 1457 3421 per
1477 3372 1610 3406 fucum
1627 3369 1668 3407 in
1689 3358 1902 3408 Ovidianas
1923 3364 2186 3420 inſcriptiones
2208 3362 2444 3406 tranſierunt.
2504 3364 2661 3409 Editore
2680 3368 2901 3408 Melchiore

1148 3446 1349 3487 Goldaſto.
1376 3443 1618 3486 Francofurti
1644 3447 1767 3487 1610.
1793 3447 1830 3489 8.

1093 3491 1165 3537 31.
1187 3496 1402 3528 Conſilium
1419 3492 1511 3528 und
1526 3489 1766 3528 Bedencken
1782 3487 1882 3528 über
1903 3485 1977 3528 der
2004 3485 2129 3529 Stadt
2158 3484 2375 3541 Nürnberg
2401 3486 2662 3534 Freyheiten,
2677 3484 2732 3537 ſo
2754 3499 2800 3525 er
2817 3484 2914 3539 auff

1144 3554 1388 3587 Anmahnen
1406 3552 1478 3587 des
1501 3545 1846 3601 Stadtſchreibers
1862 3557 1916 3585 an
1931 3543 2011 3586 den
2032 3543 2154 3588 Rath
2171 3543 2426 3598 überſchickt.
2452 3546 2507 3601 (*)

1162 3623 1213 3670 (*)
1240 3623 1316 3657 MS.
1333 3620 1458 3659 Illuſtr.
1480 3616 1703 3658 Uffenbachii
1723 3621 1829 3655 1610.

1091 3675 1154 3709 32.
1185 3661 1359 3697 Bilibaldi
1377 3660 1673 3696 Pirckheimeri
1693 3659 1826 3711 Opera
1848 3655 2003 3703 omnia,
2032 3654 2136 3696 edita
2154 3653 2176 3694 à
2196 3651 2412 3698 Melchiore
2430 3651 2633 3701 Goldaſto.
2662 3652 2905 3696 Francofurti

1151 3727 1271 3774 1610.
1287 3726 1358 3771 fol.
1378 3729 1491 3768 recuſ.
1521 3728 1575 3767 Ib.
1591 3732 1709 3776 1665.
1724 3727 1792 3770 fol.
1808 3729 1861 3780 (*)

1116 3786 1175 3825 (*)
1202 3783 1325 3823 Opera
1348 3774 1421 3808 hæc
1443 3771 1614 3808 Imhofius
1640 3772 1773 3811 edenda
1800 3771 1942 3811 dederat
1963 3770 2144 3813 Frehero,
2176 3781 2255 3807 cum
2273 3770 2409 3808 Dureri
2424 3769 2550 3821 figuris
2575 3773 2677 3810 æneis
2702 3773 2907 3820 MDCVII.

1261 3825 1372 3879 Epiſt.
1406 3828 1534 3865 CXLVI.
1550 3826 1748 3875 Collegerat
1768 3814 2019 3863 Rittershuſius
2030 3831 2132 3871 atque
2149 3821 2317 3872 deſcripta
2332 3822 2543 3860 amanuenſis
2567 3835 2672 3859 manu
2698 3833 2907 3864 correxerat,

1261 3882 1446 3919 antequam
1463 3872 1638 3909 Goldaſto
1655 3872 1962 3914 concederentur,
1994 3883 2075 3907 cum
2094 3883 2165 3918 quo
2180 3870 2348 3920 Reipubl.
2371 3872 2511 3909 nomine
2528 3870 2699 3908 Imhofius
2718 3874 2907 3913 eontraxit.

1261 3928 1329 3961 Sed
1347 3921 1454 3958 cauſæ
1469 3916 1640 3959 fuerunt,
1664 3928 1701 3954 ut
1718 3930 1791 3954 non
1808 3921 1924 3956 omnia
1941 3918 2116 3957 Goldaſto
2134 3914 2294 3968 promiſſa
2312 3918 2569 3968 præſtarentur,
2586 3909 2778 3954 ſecundum
2795 3920 2906 3970 Epiſt.

1260 3983 1429 4022 Thulem.
1451 3981 1644 4019 CCLXIX.
1668 3982 1868 4026 CCCLIII.
1892 3981 2109 4021 CCCLXV.
2132 3976 2259 4028 quibus
2285 3978 2373 4017 adde
2394 3980 2496 4028 ſupra
2518 3977 2659 4016 adduct.
2674 3979 2776 4017 Remi
2794 3980 2905 4038 Eriſt.

1258 4038 1423 4083 MDCX.

1069 4085 1154 4125 33.
1185 4081 1389 4118 MDXI.
1427 4072 1673 4130 Juliacenſia
1712 4071 1847 4129 ſcripta
1882 4072 2075 4114 Hanoviæ
2107 4071 2210 4114 edita
2240 4075 2281 4113 in
2304 4073 2482 4115 ordinem
2508 4067 2674 4125 redegit,
2701 4070 2812 4123 juxta
2833 4071 2904 4130 Ep.

1083 4165 1329 4198 CCCLXX.
