2113 2577
272 378 330 419 uit
345 378 660 426 Venaeſectione,
693 376 776 415 Sale
813 376 913 425 angl.
940 378 1084 416 catarct.
1109 377 1218 422 dato,
1244 389 1281 415 et
1305 380 1430 417 Tinct.
1452 376 1563 423 fulig.
1586 388 1657 421 per

272 426 374 467 vices
405 427 613 475 propinata.
671 427 783 465 Alius
814 424 1107 465 conſeruationis
1139 424 1276 472 gratia,
1302 422 1450 476 praeter
1473 430 1655 466 Venaeſe-

275 478 460 523 ctionem,
476 478 676 521 puluerem
697 487 746 512 ex.
761 476 873 512 Bacc.
893 473 1015 522 Iunip.
1039 473 1170 523 Sulph.
1198 477 1301 512 crud.
1326 485 1363 510 et
1377 479 1524 512 Antim.
1548 486 1650 514 crud.

270 536 447 585 partibus
469 533 688 583 aequalibus
710 533 890 582 confecit,
919 545 957 572 et
976 544 1057 572 non
1079 534 1155 573 ſine
1185 531 1350 573 vtilitate
1370 534 1483 573 dedit.
1539 537 1655 575 Hanc

276 600 370 627 vero
394 588 445 624 ob
456 582 648 624 rationem
662 581 842 633 impediri
865 577 1035 632 oportet,
1060 597 1108 622 ne
1139 582 1308 621 iumenta
1336 584 1411 621 aeri
1436 587 1651 624 nebuloſo-

275 643 423 687 foetido
445 644 701 691 exponantur,
724 652 793 679 nec
808 640 1026 679 concitatius
1039 636 1253 689 agitentur,
1274 652 1344 678 nec
1361 640 1561 680 aeſtuantia
1586 646 1651 681 ſta-

276 702 347 743 tim
356 701 396 741 in
407 702 489 741 loca
504 700 779 753 frigidiuſcula,
790 701 971 750 paludoſa
984 702 1224 741 deducantur.
1255 698 1504 751 Quapropter
1511 701 1653 744 neceſſe

275 758 345 805 eſt,
363 769 404 796 vt
423 754 647 796 hominibus
670 752 998 805 prudentioribus,
1020 764 1062 790 ac
1092 764 1191 802 non,
1214 765 1257 793 vt
1281 753 1397 795 hodie
1422 752 1531 803 ſolet,
1561 766 1652 803 pue-

275 815 326 859 ris
350 814 591 857 cuſtodienda
614 815 849 854 mandentur.

742 952 858 998 §.
913 952 1145 1005 XXXIII.

391 1057 534 1103 Neque
551 1050 678 1091 minus
695 1049 958 1091 ruminationis
982 1048 1257 1092 conſeruandae
1276 1049 1371 1091 ratio
1390 1049 1564 1103 habenda
1589 1054 1648 1093 eſt.

277 1104 354 1148 Cui
369 1106 423 1145 rei
437 1097 694 1155 impetrandae
709 1104 913 1155 conducet,
927 1103 1042 1144 ſalem
1059 1098 1327 1151 communem,
1336 1097 1406 1152 per
1423 1101 1546 1151 vices,
1561 1104 1652 1143 cum

275 1162 420 1218 pabulo
435 1161 640 1214 porrigere.
685 1154 755 1203 Ac
769 1162 865 1217 ipſas
883 1171 1016 1213 cepas,
1047 1164 1086 1204 in
1106 1161 1280 1212 ſtabulis,
1311 1174 1484 1211 tempore
1514 1164 1656 1212 potiſſi-

258 1219 386 1262 mum
401 1219 530 1262 morbi
547 1219 760 1272 regnantis,
776 1219 967 1272 ſuſpenſas
986 1219 1088 1261 haud
1108 1232 1244 1270 parum
1274 1220 1321 1259 ad
1336 1215 1504 1259 ſanitatis
1523 1218 1649 1259 boum

275 1276 603 1320 conſeruationem
630 1278 802 1319 conferre
827 1276 996 1319 arbitror.
1054 1276 1221 1319 Forſitan
1247 1288 1403 1326 propter
1431 1276 1532 1317 hunc
1564 1280 1649 1320 effe-

274 1329 398 1381 ctum,
415 1331 504 1371 hinc
521 1332 611 1370 inde
630 1332 868 1384 praeſtitum,
895 1342 1023 1369 nomen
1043 1328 1204 1370 remedii
1224 1342 1352 1369 contra
1369 1323 1553 1368 morbum
1571 1329 1650 1378 ſpe-

275 1385 373 1429 cifici
389 1393 642 1424 meruerunt.
669 1387 817 1425 Irritant
843 1384 1027 1422 nimirum
1054 1395 1173 1433 aeque
1198 1397 1240 1422 ac
1275 1383 1381 1432 ſalia,
1404 1377 1573 1433 hincque
1593 1379 1653 1425 ſti-

277 1437 426 1483 mulant
441 1440 687 1491 excitantque
699 1453 821 1490 partes
838 1438 1136 1481 ruminationem
1152 1441 1382 1489 praeſtantes.
1439 1440 1564 1481 Salem
1588 1454 1650 1480 ve-

276 1511 321 1538 ro
336 1495 549 1547 porrigere,
570 1495 609 1534 in
628 1510 755 1536 recens
774 1494 911 1548 emtis,
923 1490 992 1548 et
1010 1500 1058 1538 ab
1085 1497 1165 1538 aliis
1192 1498 1284 1537 locis
1317 1497 1486 1536 adductis
1512 1497 1651 1547 potiſſi-

278 1561 390 1587 mum
405 1549 687 1587 obſeruandum
711 1549 771 1588 eſt.
826 1550 932 1587 Haec
959 1547 1063 1586 enim
1089 1546 1235 1595 pabulo
1269 1560 1374 1584 nouo
1411 1541 1559 1594 ſenſim
1574 1545 1653 1587 ſen-

277 1607 423 1658 ſimque
454 1605 673 1646 aſſuefacere
699 1616 869 1653 oportet,
897 1616 1096 1653 propterea
1121 1603 1227 1653 quod
1258 1603 1488 1653 experientia
1520 1605 1652 1654 docet,

279 1665 464 1713 iumenta,
495 1674 543 1704 ex
569 1663 833 1705 deiectioribus
865 1674 977 1713 atque
1011 1661 1199 1713 paludoſis
1225 1661 1319 1703 locis
1339 1661 1378 1702 in
1407 1661 1510 1714 loca,
1541 1662 1654 1705 ſubli-

278 1720 394 1761 miori
412 1718 567 1769 regione
586 1714 675 1764 ſita,
699 1710 857 1757 adducta,
870 1729 938 1766 et
960 1709 1109 1766 contra,
1135 1715 1237 1754 haud
1261 1729 1366 1763 raro,
1399 1714 1573 1755 cautione
1591 1728 1653 1755 ne-

280 1776 427 1817 ceſſaria
451 1771 640 1824 neglecta,
678 1765 893 1822 pathemata
924 1773 1112 1822 quaedam
1130 1772 1330 1821 experiri,
1367 1772 1437 1812 niſi
1488 1775 1655 1814 mortem

282 1833 402 1883 ipſam
422 1831 587 1871 ſubeant.
647 1832 847 1872 Praeſtabit
869 1831 995 1880 itaque
1019 1829 1207 1870 eiuſmodi
1220 1829 1339 1874 brutis
1362 1830 1529 1869 multum
1550 1830 1655 1883 ſalis,

281 1899 371 1925 cum
389 1885 515 1924 herbis
536 1883 670 1923 amaris
698 1884 889 1924 coniuncti
909 1884 1019 1932 vſus,
1044 1883 1090 1921 ad
1115 1895 1267 1931 tempus
1291 1881 1540 1925 continuatus.
1595 1885 1659 1927 De

279 1944 428 1988 reliquo
454 1939 604 1986 ſemper
642 1927 827 1981 cibarium
855 1938 984 1977 bobus
1016 1937 1115 1977 bene
1159 1935 1400 1985 eligendum;
1437 1937 1660 1978 euitandum

281 2008 418 2040 omne,
458 2002 683 2041 quacunque
718 1990 863 2032 ratione
897 1987 1161 2041 inquinatum,
1200 2000 1265 2029 aut
1297 2002 1378 2028 non
1409 1991 1478 2029 rite
1507 2005 1660 2040 praepa-

280 2082 415 2110 ratum.
