2433 2817
276 586 373 630 cinæ
403 579 635 633 candidatos
658 585 771 631 unice
796 585 1081 648 complectitur,
1111 586 1299 648 exſpecta.
1356 587 1479 646 Quod

279 644 474 701 reliquum
487 646 562 702 eſt,
586 648 754 693 DEVM
760 658 927 707 precor,
954 657 997 689 ut
1001 645 1160 705 ſalvum
1175 649 1249 692 TE
1264 662 1312 692 ac
1327 649 1472 692 incolu-

276 711 379 741 mem
416 700 554 741 patriæ
586 699 759 753 reddat,
792 699 988 756 ſolidaque
1004 699 1207 757 felicitate
1237 700 1472 744 cumulatum

279 757 485 815 diutiſſime
499 756 553 798 ibi
554 756 709 816 florere
724 756 873 811 iubeat,
901 759 1041 816 TEque
1062 758 1318 815 benigniſſime
1342 759 1469 803 ſervet

280 823 330 853 ac
342 802 512 853 tueatur.
571 808 721 853 Iterum
737 807 849 860 vale,
877 822 926 850 ac
945 808 1168 869 perſuaſum
1190 801 1301 858 TIBI
1315 800 1472 867 habeas,

337 886 400 915 me
421 872 501 915 TVI
525 873 684 931 ſemper
696 871 880 929 futurum
895 873 968 928 eſſe
983 869 1290 931 amantiſſimum.
1359 877 1412 919 D.

394 928 439 973 in
467 921 747 975 Fridericiana
778 943 818 973 a.
853 931 893 975 d.
932 933 1078 977 XXV.
1107 932 1212 989 Aug.
1240 930 1357 975 Anno

685 986 1056 1033 MDCCXXXXV.

275 1261 360 1365 U

360 1261 479 1311 tilitas
504 1261 677 1316 quænam
700 1262 784 1302 fluit
806 1273 855 1303 ex
878 1262 953 1302 hac
977 1273 1058 1306 arte
1081 1263 1296 1306 medendi?

360 1312 503 1365 Quid
525 1313 676 1362 ſperare
695 1311 824 1362 poteſt
848 1312 981 1362 æger?
1009 1323 1097 1364 quæ
1117 1323 1211 1355 vota
1234 1312 1402 1355 fovere?

273 1368 315 1409 Si
340 1370 449 1409 vires
462 1362 650 1412 Medicus
663 1363 824 1419 nativas
845 1367 952 1412 neſcit
971 1378 1105 1419 aperte

272 1421 508 1468 Herbarum,
539 1411 667 1461 virtus
681 1421 795 1462 vivax
834 1421 858 1461 &
877 1419 1076 1475 Apollinis
1095 1420 1188 1463 artis

273 1482 441 1525 Præterit
457 1481 587 1533 illum,
616 1493 696 1522 non
720 1491 853 1523 tenues
877 1491 961 1536 quæ
992 1491 1170 1536 tempore
1195 1494 1315 1537 parvo

271 1537 437 1588 Effectus
460 1537 642 1596 linquunt
669 1537 723 1589 in
726 1538 903 1594 corporis
928 1538 1070 1589 artibus
1094 1538 1218 1595 ægri;

272 1589 413 1646 Sicque
437 1588 542 1630 valet
561 1581 743 1632 ſanantes
752 1586 834 1631 non
861 1578 1047 1633 adhibere
1067 1589 1249 1633 medelas.

272 1650 433 1710 Experti
460 1653 558 1698 nihil
588 1654 672 1698 huic
686 1646 830 1696 horum
854 1652 1042 1711 præſtare,
1070 1652 1277 1711 profecto!

271 1712 353 1763 Ni,
384 1708 551 1762 dabitur,
567 1710 682 1754 tollat
704 1709 803 1753 vires
821 1710 875 1752 de
894 1720 1061 1764 corpore
1083 1721 1247 1771 paucas,

270 1767 508 1822 Languentis
532 1770 677 1819 turbet
677 1770 816 1821 mage
816 1771 1041 1821 naturæque
1057 1781 1245 1820 vigorem.

273 1821 403 1874 Quam
424 1817 673 1863 vehementer
692 1817 790 1870 opus
812 1815 874 1869 ſit,
904 1818 992 1873 quis
1016 1828 1098 1858 non
1120 1830 1267 1874 ergone
1289 1820 1432 1865 ſentit?

272 1877 337 1918 Ut
351 1875 485 1933 quivis
501 1878 638 1924 nunc,
628 1875 722 1933 qui
742 1871 854 1922 felix
874 1868 951 1929 vult
967 1873 1114 1933 pellere
1139 1875 1318 1929 morbos,

270 1927 428 1976 Naturæ
451 1934 630 1975 ſcrutetur
646 1940 775 1991 opus,
803 1932 1006 1987 cauſasque
1028 1932 1194 1976 latentes

273 1988 429 2037 Diſcat,
470 1986 492 2042 &
522 1985 626 2042 unde
651 1983 766 2037 vices
782 1990 916 2039 ortas,
931 1991 1034 2042 quas
1058 1991 1173 2034 eſficit
1197 1990 1279 2033 illa.

274 2040 462 2097 Corporis
484 2039 640 2084 humani
657 2048 791 2096 partes
812 2041 1027 2090 conſideret
1047 2053 1205 2094 omnes,

274 2097 518 2157 Hippocratis
543 2100 677 2142 volvat
698 2098 860 2143 ſtudioſe
871 2099 1017 2156 ſcripta
1043 2101 1177 2156 polita.

276 2161 375 2205 Quæ
390 2156 473 2197 ſint
496 2141 697 2197 herbarum
719 2150 956 2203 diſcrimina,
985 2154 1164 2204 nomina,
1192 2152 1313 2206 vires,

273 2211 578 2267 Cognoſcatque
602 2209 728 2257 modis
749 2208 904 2255 diverſis
916 2211 1128 2268 pharmaca
1148 2212 1281 2254 mixta.

273 2273 341 2306 Ut
351 2271 470 2306 triſtes
489 2267 696 2305 hominum
723 2254 941 2316 medicando
976 2262 1117 2317 pellere
1134 2265 1381 2307 morbos

274 2326 415 2378 Poſſit,
457 2326 477 2369 &
488 2322 683 2383 inſtantis
701 2316 774 2384 leti
787 2320 894 2383 nunc
920 2309 1019 2383 mille
1040 2333 1241 2370 pericla.

902 2388 951 2424 G

1376 2389 1467 2430 Hæc
