2737 2253
598 336 705 410 30

922 313 1084 401 Mit
1084 313 1229 401 dem
1229 313 1498 401 Herzoge
1498 313 1585 401 zu
1585 313 2158 401 Sachſen⸗Eiſenach.

980 401 1323 459 Wolfgangus
1323 401 1365 459 I.
1365 401 1511 459 Graf
1511 401 1579 459 zu
1579 401 1789 459 Barby,
1789 401 1967 459 †1565.
1967 401 2132 459 Gem.

802 459 999 537 Agnes,
999 459 1142 537 Graf
1142 459 1414 537 Gebhardi
1414 459 1527 537 VII.
1527 459 1595 537 zu
1595 459 1867 537 Mansfeld
1867 459 2103 537 Tochter,
2103 459 2287 537 †1558.

619 564 831 639 Agnes,
792 564 813 637 †
816 572 925 637 1659.
950 578 1063 627 Gem.
1082 564 1307 636 Joachimus
1332 562 1547 636 Erneſtus,

678 631 800 695 Fuͤrſt
802 631 863 694 zu
863 625 1034 693 Anhalt,
1057 629 1073 681 †
1090 627 1193 678 1586.

617 770 727 847 Joh.
739 781 951 838 Georgius
961 778 1118 839 I.Fuͤrſt
1127 781 1181 839 zu
1181 773 1532 838 Anhalt⸗Deſſau,

672 843 810 901 †1618.
845 835 945 900 Gem.
970 841 1195 898 Dorothea,
1215 833 1407 898 Pfalzgr.
1426 835 1532 896 Joh.

673 913 856 962 Caſimiri
867 920 917 969 zu
923 908 1153 959 Simmern
1167 911 1221 960 T.
1231 906 1478 962 †1618.

618 980 829 1040 Eleonora
859 990 1100 1045 Dorothea,
1123 989 1141 1041 †
1160 989 1272 1040 1664.
1291 986 1412 1038 Gem.
1431 974 1533 1035 Wil-

681 1056 858 1114 helmus,
890 1054 1040 1116 Herzog
1040 1055 1090 1114 zu
1106 1042 1529 1115 Sachſen⸗Weimar,

680 1124 707 1175 †
719 1118 841 1171 1662.

620 1186 794 1268 Johann
816 1202 1050 1258 Georgius,
1077 1186 1238 1257 Herzog
1255 1203 1305 1253 zu
1339 1183 1542 1255 Sachſen⸗

683 1271 888 1332 Eiſenach,
919 1274 927 1321 †
947 1272 1079 1327 1686.
1115 1271 1239 1321 Gem.
1266 1266 1539 1325 Johannetta,

675 1328 800 1386 Graf
820 1330 978 1375 Erneſti
996 1340 1045 1391 zu
1072 1323 1534 1387 Sain⸗ und Witgen⸗

677 1381 777 1453 ſtein
788 1390 870 1442 T.
861 1377 876 1441 †
891 1401 1013 1441 1701.

624 1465 946 1544 JOHANNES
989 1460 1345 1539 WILHELMVS,
1381 1468 1534 1529 Herzog

670 1554 719 1600 zu
736 1537 1136 1601 Sachſen-Eiſenach,
1153 1536 1242 1600 geb.
1258 1538 1390 1589 1666.

1578 573 1724 632 Juſtus
1735 575 1798 622 IIl.
1812 570 1927 626 Graf
1927 570 1984 630 zu
1998 571 2169 628 Barby,
2189 580 2208 623 †
2222 568 2345 622 1609.
2354 561 2481 619 Gem.

1636 623 1803 686 Sophia,
1825 619 1927 675 Graf
1934 624 2095 667 Alberti
2103 621 2482 678 zuSchwarzburg⸗

1636 690 1884 751 Rudelſtadt
1905 678 1938 742 T.
1957 689 2090 748 †1630.

1580 775 1780 822 Albertus
1802 771 2055 827 Fridericus,
2086 769 2211 827 Graf
2231 782 2281 829 zu
2305 769 2482 828 Barby,

1637 836 1771 891 †1641.
1784 837 1906 886 Gem.
1916 834 2068 896 Sophia
2084 834 2243 888 Vrſula,
2263 823 2387 890 Graf
2398 835 2485 879 An-

1616 907 1740 951 tonii
1751 906 1796 951 II.
1807 901 1873 965 zu
1873 900 2106 961 Oldenburg
2113 900 2164 949 T.
2180 905 2195 952 †
2202 899 2317 957 1642.

1579 970 1765 1033 Antonia
1774 978 2223 1041 Sibylla,
1959 983 1973 1042 †
1994 980 2105 1043 1684.
2126 978 2219 1043 Gem.
2233 979 2487 1026 Chriſtianus

1637 1053 1908 1103 Wilhelmus,
1932 1046 2052 1106 Fuͤrſt
2084 1058 2132 1106 zu
2157 1043 2490 1107 Schwarzburg⸗

1642 1109 2005 1170 Sondershauſen,
2022 1112 2172 1164 †1721.

1583 1185 1972 1250 GVNTHERVS,
1990 1190 2108 1253 Fuͤrſt
2118 1199 2168 1249 zu
2176 1176 2488 1251 Schwarzburg

1644 1260 2012 1321 Sondershauſen,
2024 1259 2114 1324 geb.
2125 1261 2253 1321 1678.
