3154 4539
1027 425 1187 482 amplius
1196 427 1421 483 poteſtatem
1431 426 1598 470 faciendi
1620 442 1700 469 non
1720 427 1900 469 habeant.

1027 489 1078 532 Et
1090 489 1114 528 ſi
1124 487 1176 527 eſt
1189 489 1271 528 talis
1281 488 1455 545 perſona,
1463 485 1727 541 quamComes
1737 491 1774 527 in
1784 487 1901 544 placi-

1030 558 1073 587 to
1093 549 1150 587 vel
1172 544 1424 587 Centenarius
1442 549 1502 586 vel
1520 545 1646 588 miſſus
1663 547 1830 588 Comitis
1844 546 1901 588 di-

1029 606 1208 662 ſtringere
1220 621 1298 647 non
1309 607 1456 663 poteſt,
1474 617 1566 646 tunc
1576 622 1662 649 eum
1677 607 1771 648 Dux
1780 608 1900 663 legiti-

1030 675 1099 720 me
1099 667 1315 720 diſtringat,
1330 665 1485 720 pluſque
1498 680 1640 722 quærat
1651 667 1739 708 Deo
1752 669 1901 721 placere

1029 734 1145 775 quam
1157 721 1326 766 homini,
1335 733 1375 759 ut
1385 721 1531 761 nullum
1542 721 1757 779 negleƈtum
1767 725 1807 761 in
1821 720 1903 762 ani-

1027 794 1132 823 mam
1144 782 1265 822 Ducis
1273 782 1497 836 requiratur.

1232 886 1477 937 CAPIT.
1531 905 1687 938 XXXVI.

1027 955 1112 1009 De
1153 948 1411 1024 mancipiis
1449 969 1507 1002 ne
1534 950 1673 1024 foris
1690 950 1905 1024 provin-

1263 1021 1400 1060 vincia
1415 1025 1669 1061 vendantur.

1031 1089 1149 1199 M

1157 1085 1324 1133 Ancipia
1331 1080 1423 1115 foris
1431 1074 1628 1131 provincia
1638 1093 1754 1117 nemo
1762 1074 1905 1117 vendat

1185 1156 1259 1184 nec
1259 1152 1306 1184 in
1323 1155 1491 1198 paganos
1508 1159 1581 1185 nec
1594 1151 1633 1186 in
1644 1147 1902 1191 Chriſtianos,

1029 1217 1105 1256 niſi
1105 1217 1212 1256 juſſio
1237 1203 1357 1253 Ducis
1371 1201 1498 1248 tuerit.
1535 1199 1644 1246 Infra
1656 1201 1902 1261 provinciam

1029 1264 1094 1305 ubi
1106 1265 1300 1306 neceſſitas
1310 1265 1364 1305 eſt
1376 1263 1626 1318 unuſquiſque
1644 1265 1693 1304 de
1709 1266 1905 1318 mancipio

1028 1319 1095 1360 ſuo
1107 1321 1330 1377 poteſtatem
1339 1322 1478 1362 habeat
1486 1321 1839 1373 ſecundumLegem
1844 1332 1906 1369 ju-

1028 1381 1197 1422 dicandi.
1226 1381 1329 1422 Foris
1340 1393 1549 1421 terminum
1565 1391 1688 1419 autem
1706 1383 1904 1434 captivum

1025 1435 1193 1478 faciendi
1202 1431 1430 1492 poteſtatem
1442 1450 1522 1477 non
1534 1436 1685 1477 habeat.
1716 1437 1753 1476 Si
1775 1433 1903 1478 autem

1025 1493 1171 1544 fecerit,
1205 1503 1225 1535 &
1241 1497 1330 1536 inde
1339 1498 1540 1536 conviƈtus
1552 1494 1689 1542 fuerit,
1706 1495 1791 1550 poſt
1806 1509 1904 1535 con-

1027 1566 1187 1594 ventum
1200 1552 1374 1593 noſtrum
1384 1552 1500 1605 quod
1521 1552 1742 1607 conplacuit
1760 1553 1904 1594 cunƈtis

1027 1613 1274 1659 Alamannis,
1313 1616 1355 1652 &
1389 1614 1522 1665 aliquis
1557 1611 1635 1650 hoc
1669 1622 1902 1667 præceptum

1026 1672 1289 1725 tranſgredere
1304 1671 1486 1718 voluerit,
1504 1670 1598 1712 illud
1613 1672 1777 1726 pretium
1797 1670 1904 1727 quod

1029 1730 1170 1771 obtulit
1186 1730 1232 1769 de
1243 1733 1400 1785 proprio
1408 1729 1472 1769 ſuo
1483 1728 1676 1784 mancipio
1686 1729 1840 1785 perdat,
1862 1735 1904 1772 &

1029 1789 1177 1849 inſuper
1193 1790 1344 1831 fredum
1362 1801 1478 1844 quem
1506 1791 1587 1831 Lex
1616 1791 1731 1833 habet
1756 1797 1906 1845 conpo-

1027 1876 1105 1902 nat.

1225 1919 1466 1959 CAPIT.
1516 1922 1689 1958 XXXVII.

1067 2018 1149 2071 De
1165 2032 1214 2066 eo
1234 2016 1324 2076 qui
1339 2011 1419 2067 die
1436 2014 1698 2068 Dominico
1725 2025 1866 2086 opera

1300 2087 1481 2138 ſervilia
1491 2090 1657 2138 fecerit.

1086 2149 1164 2191 Die
1172 2147 1387 2188 Dominico
1402 2159 1516 2185 nemo
1527 2158 1646 2200 opera
1657 2146 1802 2188 ſervilia
1812 2158 1907 2204 præ-

1027 2208 1131 2249 ſumat
1163 2206 1304 2253 facere,
1322 2210 1413 2259 quia
1431 2206 1508 2246 hoc
1528 2207 1587 2247 lex
1597 2207 1797 2263 prohibuit
1807 2215 1827 2260 &
1854 2210 1907 2248 ſa-

1031 2276 1095 2303 cra
1114 2263 1290 2317 ſcriptura
1305 2267 1345 2301 in
1369 2263 1550 2303 omnibus
1571 2265 1813 2305 contradicit.
1868 2267 1906 2307 Si

1032 2330 1118 2372 quis
1131 2320 1255 2358 ſervus
1266 2321 1305 2357 in
1316 2318 1394 2359 hoc
1406 2322 1496 2358 vitio
1510 2325 1689 2359 inventus
1698 2318 1824 2366 fuerit,
1841 2331 1907 2358 va-

1030 2377 1184 2432 puletur
1202 2376 1386 2418 fuſtibus:
1415 2379 1509 2418 liber
1530 2388 1660 2417 autem
1680 2380 1907 2433 corripiatur

1030 2436 1145 2490 uſque
1156 2437 1203 2476 ad
1215 2446 1365 2476 tertiam
1380 2439 1514 2477 vicem.
1547 2436 1584 2476 Si
1600 2447 1727 2478 autem
1739 2437 1823 2493 poſt
1832 2450 1907 2479 ter-

1031 2500 1125 2536 tiam
1144 2497 1427 2551 correptionem
1445 2500 1483 2537 in
1502 2495 1578 2537 hoc
1605 2499 1698 2538 vitio
1728 2501 1906 2538 inventus

1030 2555 1144 2599 fuerit
1151 2561 1190 2599 &
1202 2557 1289 2598 Deo
1300 2570 1432 2598 vacare
1450 2551 1513 2612 die
1504 2557 1718 2600 Dominico
1730 2558 1907 2614 neglexe-

1029 2627 1078 2657 rit
1090 2621 1128 2657 &
1138 2628 1255 2673 opera
1264 2614 1406 2658 ſervilia
1423 2614 1561 2666 fecerit,
1581 2626 1654 2673 tunc
1663 2619 1811 2659 tertiam
1821 2629 1906 2673 par-

1031 2689 1112 2720 tem
1127 2679 1170 2718 de
1179 2677 1391 2719 hereditate
1401 2680 1463 2718 ſua
1475 2679 1619 2733 perdat.
1657 2678 1693 2720 Si
1706 2691 1834 2720 autem
1846 2677 1903 2720 ſu-

1030 2752 1099 2799 per
1110 2738 1189 2780 hæc
1200 2743 1378 2780 inventus
1388 2738 1512 2788 fuerit,
1533 2754 1573 2781 ut
1594 2741 1668 2782 diei
1688 2741 1904 2783 Dominico

1028 2803 1220 2842 honorem
1226 2811 1311 2842 non
1324 2800 1562 2853 inpendat,&
1573 2812 1688 2855 opera
1692 2798 1836 2853 ſervilia
1849 2798 1906 2844 fe-

1026 2861 1136 2904 cerit,
1156 2870 1250 2897 tunc
1259 2859 1414 2899 coaƈtus
1423 2865 1462 2899 &
1473 2858 1672 2899 conviƈtus
1683 2869 1815 2900 coram
1823 2858 1901 2900 Co-

1029 2919 1137 2963 mite,
1156 2915 1227 2955 ubi
1227 2915 1324 2955 tunc
1333 2916 1427 2956 Dux
1439 2917 1690 2962 ordinaverit,
1710 2920 1750 2957 in
1762 2917 1906 2959 ſerviti-

1029 2987 1094 3017 um
1107 2977 1290 3022 tradatur,
1308 2978 1348 3013 &
1360 2979 1451 3029 quia
1461 2977 1587 3018 noluit
1597 2977 1689 3018 Deo
1700 2988 1847 3026 vacare,
1859 2971 1907 3018 in

1028 3033 1303 3089 ſempiternum
1315 3036 1437 3074 ſervus
1447 3046 1683 3090 permaneat.

1228 3153 1471 3186 CAPIT.
1520 3155 1713 3191 XXXVIII.

1165 3230 1246 3281 De
1290 3227 1501 3281 inlicitis
1535 3223 1763 3294 Nuptiis.

1089 3302 1255 3347 Nuptias
1274 3302 1521 3358 prohibemus
1546 3302 1717 3346 inceſtas.
1773 3303 1907 3360 Itaque

1029 3347 1192 3395 uxorem
1203 3356 1340 3396 habere
1357 3370 1417 3403 non
1438 3358 1556 3396 liceat
1562 3380 1732 3401 ſocrum,
1744 3374 1903 3400 nurum,

1029 3427 1257 3479 privignam,
1276 3430 1474 3484 novercam,
1501 3423 1617 3468 fliam
1628 3425 1765 3475 fratris,
1784 3425 1902 3468 filiam

1027 3479 1176 3524 ſororis,
1186 3477 1309 3520 fratris
1319 3491 1494 3526 uxorem,
1504 3485 1632 3521 uxoris
1639 3482 1818 3533 ſororem.
1843 3485 1903 3523 Fi-

1029 3540 1069 3582 lii
1077 3537 1261 3582 fratrum,
1276 3539 1341 3579 filii
1357 3541 1528 3582 ſororum
1541 3546 1640 3581 inter
1648 3543 1683 3582 ſe
1693 3546 1794 3581 nulla
1804 3557 1902 3597 præ-

1027 3597 1245 3654 ſumptione
1258 3591 1474 3652 jungantur.
1508 3603 1547 3641 Si
1565 3607 1648 3654 quis
1665 3618 1802 3640 contra
1821 3606 1901 3640 hoc

1027 3656 1180 3703 fecerit,
1193 3654 1215 3696 à
1223 3656 1299 3696 loci
1325 3657 1494 3699 judicibus
1504 3662 1705 3713 ſeparetur,
1736 3669 1757 3697 &
1764 3674 1901 3699 omnes

1026 3722 1227 3766 facultates
1236 3723 1409 3766 amittat,
1429 3735 1522 3775 quas
1530 3722 1636 3764 fiſcus
1646 3725 1835 3777 adquirat.
1863 3727 1902 3765 Si

1028 3781 1202 3818 minores
1234 3773 1401 3832 perſonæ
1434 3778 1552 3820 ſunt,
1583 3792 1667 3831 quæ
1699 3787 1735 3817 ſe
1760 3785 1904 3820 inlicita

1030 3836 1309 3889 conjunƈtione
1335 3834 1584 3893 polluerunt,
1609 3850 1766 3878 careant
1789 3844 1905 3882 liber-

1134 3909 1234 3948 tate,
1255 3895 1367 3941 ſervis
1386 3896 1572 3939 ſiſcalibus
1589 3896 1799 3961 adgregan-

1384 3955 1443 3999 dæ
1457 3956 1554 3999 ſunt.

2144 434 2389 484 CAPIT.
2440 444 2628 484 XXXIX.

1949 537 2031 591 De
2057 535 2345 608 patricidiis
2396 537 2463 599 &
2487 532 2819 611 fratricidiis.

2009 640 2046 682 Si
2062 642 2144 697 quis
2164 641 2286 683 homo
2314 641 2446 684 volens
2477 642 2653 684 occidere
2679 652 2823 696 patrem

1931 698 2077 748 ſuum,
2082 706 2142 745 aut
2150 707 2326 737 patruum
2339 696 2459 750 ſuum,
2460 709 2528 753 aut
2536 699 2692 748 fratrem
2702 694 2824 744 ſuum,

1954 768 2020 796 aut
2029 757 2263 799 avunculum
2272 756 2392 804 ſuum,
2407 770 2472 799 aut
2480 757 2601 800 filium
2614 758 2736 799 fratris
2746 756 2822 800 ſui,

1954 827 2021 856 aut
2030 815 2151 858 filium
2163 818 2341 857 avunculi
2352 817 2426 862 ſui,
2445 828 2509 856 aut
2518 828 2678 858 matrem
2694 816 2822 858 ſuam,

1934 890 2020 932 aut
2043 878 2210 919 ſororem
2232 877 2364 920 ſuam,
2392 878 2598 932 cognoſcat
2623 880 2658 921 ſe
2689 886 2824 920 contra

1953 932 2085 974 Deum
2104 930 2236 988 egiſſe,
2254 938 2294 973 &
2311 934 2515 975 ſecundum
2534 934 2731 986 juſſionem
2749 932 2841 976 Dei

1952 994 2233 1038 fraternitatem
2250 1009 2330 1036 non
2347 996 2569 1045 cuſtodiſſe,
2608 1004 2634 1040 &
2656 990 2704 1049 in
2695 998 2825 1040 Deum

1951 1060 2118 1108 graviter
2133 1055 2346 1114 deliquiſſe,
2378 1063 2418 1098 &
2428 1071 2559 1098 coram
2573 1058 2750 1099 omnibus
2763 1066 2826 1109 pa-

1952 1107 2122 1144 rentibus
2131 1110 2209 1157 ejus
2218 1120 2279 1142 res
2287 1111 2365 1154 ejus
2375 1110 2609 1152 infiſcentur,
2620 1115 2660 1147 &
2673 1106 2766 1147 nihil
2775 1100 2824 1144 ad

1952 1171 2111 1214 heredes
2129 1172 2205 1222 ejus
2220 1175 2409 1226 pertineat
2428 1173 2606 1227 amplius;
2632 1175 2825 1228 pœniten-

1953 1231 2045 1269 tiam
2055 1240 2184 1270 autem
2194 1229 2402 1270 ſecundum
2415 1229 2598 1271 Canones
2606 1237 2704 1283 agat.

2198 1337 2445 1385 CAPIT.
2489 1351 2561 1386 XL.

1952 1398 2032 1450 Ut
2052 1391 2209 1448 nullus
2230 1392 2430 1466 cauſam
2462 1394 2638 1447 audire
2653 1398 2825 1467 praſu-

2055 1478 2141 1509 mat
2159 1467 2238 1521 niſi
2251 1472 2330 1523 qui
2358 1469 2379 1507 a
2387 1468 2507 1510 duce
2535 1470 2730 1522 conſtitu-

2311 1540 2382 1568 tus
2396 1531 2461 1580 eſt.

2011 1585 2157 1644 Nullus
2157 1585 2284 1644 cauſas
2298 1589 2427 1629 audire
2438 1577 2664 1646 præſumat,
2682 1587 2748 1630 niſi
2756 1584 2820 1644 qui

1952 1649 1976 1692 à
2002 1650 2114 1691 Duce
2136 1661 2202 1705 per
2228 1653 2532 1690 conventionem
2560 1653 2692 1705 populi
2712 1654 2827 1703 judex

1954 1700 2178 1756 conſtitutus
2193 1704 2273 1760 eſt,
2295 1721 2336 1749 ut
2354 1708 2474 1748 cauſas
2494 1734 2651 1754 judicet,
2678 1712 2742 1765 qui
2762 1711 2824 1748 nec

1952 1777 2160 1814 mentioſus
2185 1783 2258 1812 nec
2272 1774 2503 1829 perjurator,
2534 1786 2606 1815 nec
2624 1783 2827 1817 munerum

1953 1843 2133 1885 acceptor
2142 1830 2199 1879 ſit,
2209 1830 2271 1872 ſed
2283 1830 2407 1873 cauſas
2415 1830 2617 1875 ſecundum
2629 1832 2752 1887 legem
2766 1842 2827 1871 ve-

1954 1889 2089 1925 raciter
2102 1884 2235 1937 judicet
2251 1878 2324 1926 ſine
2334 1890 2558 1941 acceptione
2567 1889 2827 1942 perſonarum,

1957 1953 1987 1990 &
2002 1952 2147 1990 timens
2158 1945 2288 1989 Deum
2303 1949 2368 1995 ſit,
2384 1954 2424 1990 &
2444 1948 2471 1989 ſi
2483 1949 2621 2004 juſtum
2631 1952 2827 2002 judicave-

1954 2011 2019 2053 rit,
2039 2002 2152 2058 credat
2163 2010 2197 2047 ſe
2206 2006 2307 2062 apud
2317 2007 2446 2047 Deum
2457 2009 2674 2049 mercedem
2683 2011 2828 2063 recipe-

1955 2078 1996 2105 re
2010 2070 2049 2104 &
2060 2065 2214 2104 laudem
2231 2067 2333 2120 apud
2353 2063 2528 2106 homines
2545 2064 2688 2106 bonam
2706 2064 2826 2121 poſſe-

1956 2119 2054 2171 dere.

2014 2181 2050 2222 Si
2069 2190 2197 2220 autem
2214 2191 2281 2235 per
2298 2176 2542 2236 cupiditatem
2564 2193 2629 2221 aut
2647 2193 2714 2236 per
2730 2182 2828 2222 invi-

1956 2236 2059 2278 diam
2075 2237 2229 2287 alicujus
2252 2248 2318 2276 aut
2342 2248 2409 2290 per
2424 2240 2604 2278 timorem
2624 2251 2761 2279 contra
2774 2237 2828 2278 le-

1958 2308 2046 2349 gem
2053 2300 2300 2347 judicaverit,
2322 2294 2496 2357 cognoſcat
2522 2300 2558 2339 ſe
2568 2299 2777 2354 deliquiſſe,
2787 2302 2827 2339 &

1955 2346 2035 2403 XII.
2058 2357 2158 2397 ſolid.
2177 2355 2222 2397 ſit
2241 2356 2437 2411 culpabilis
2454 2359 2514 2396 cui
2531 2356 2666 2408 injuſte
2684 2347 2830 2408 judica-

1956 2416 2031 2463 vit:
2061 2418 2101 2453 &
2113 2411 2219 2468 quod
2228 2426 2294 2469 per
2305 2414 2411 2454 illum
2427 2412 2614 2455 damnum
2634 2414 2755 2471 paſſus
2773 2413 2826 2457 eſt

1955 2467 2106 2519 injuſte,
2119 2468 2179 2510 ille
2186 2471 2303 2522 judex
2319 2470 2505 2513 reſtituat.
2560 2471 2596 2511 Si
2607 2484 2734 2512 autem
2744 2471 2828 2514 ille,

1957 2533 2023 2586 qui
2032 2529 2219 2581 judicium
2232 2532 2362 2572 audire
2372 2532 2489 2576 debet,
2530 2532 2629 2572 illius
2638 2545 2703 2587 qui
2720 2531 2759 2572 ad
2767 2533 2828 2582 ju-

1956 2591 2164 2631 dicandum
2189 2589 2418 2633 conſtitutus
2441 2590 2495 2633 eſt
2517 2590 2705 2644 judicium
2731 2597 2829 2632 con-

1955 2653 2134 2709 tempnit,
2145 2652 2238 2693 dum
2248 2654 2307 2695 ille
2310 2654 2404 2708 juſte
2408 2654 2646 2706 judicaverit,
2664 2660 2704 2696 &
2722 2654 2830 2697 dedi-

1954 2719 2046 2763 gnet
2056 2720 2144 2749 eum
2156 2709 2304 2756 audire,
2335 2715 2360 2751 &
2384 2709 2522 2766 ſpernit
2538 2724 2625 2750 eum
2643 2713 2685 2749 &
2702 2710 2828 2765 arguit

1953 2782 2085 2810 coram
2097 2769 2175 2813 aliis
2204 2774 2224 2811 &
2236 2772 2348 2814 dicit;
2370 2783 2450 2811 non
2459 2768 2559 2811 reƈte
2567 2772 2721 2821 judicas,
2731 2779 2826 2811 dum

1953 2834 2014 2872 ille
2025 2830 2122 2873 reƈte
2128 2830 2292 2883 judicat:
2321 2836 2360 2874 &
2371 2832 2396 2873 ſi
2407 2830 2487 2875 hoc
2496 2833 2544 2874 ab
2553 2833 2633 2873 aliis
2634 2833 2828 2885 judicibus

1953 2887 2178 2945 inquiſitum
2187 2887 2315 2935 fuerit,
2333 2891 2439 2944 quod
2449 2890 2510 2930 ille
2516 2889 2610 2940 juſte
2615 2893 2829 2941 judicavit,

1956 2950 2018 2989 ille
2029 2953 2298 3001 contemptor,
2326 2950 2391 3001 qui
2408 2949 2526 3000 judici
2538 2952 2680 3001 injuriam
2717 2948 2828 2995 fecit,

1957 2993 2074 3046 ſolvat
2099 3001 2163 3059 XII.
2179 3002 2284 3046 ſolid.
2290 3005 2407 3055 judici
2419 3003 2493 3051 illi,
2510 3009 2558 3052 &
2570 3005 2737 3060 poſthæc
2746 3016 2830 3043 non

1957 3073 2212 3115 contempnat
2220 3062 2348 3102 audire
2357 3061 2492 3111 juſturn
2499 3059 2708 3113 judicium,
2739 3065 2831 3116 quia

1956 3118 2008 3157 ſic
2015 3122 2199 3157 convenit
2208 3118 2312 3158 Duci
2321 3122 2361 3157 &
2371 3129 2479 3155 omni
2487 3121 2632 3171 populo
2649 3123 2688 3155 in
2703 3119 2832 3171 publi-

1955 3190 2006 3218 co
2016 3177 2198 3218 concilio.

2201 3300 2438 3334 CAPIT.
2485 3298 2575 3336 XLI.

1952 3352 2037 3408 De
2051 3367 2099 3404 eo
2117 3350 2208 3426 qui
2224 3345 2330 3423 ſæpe
2361 3348 2694 3425 interpellatus
2713 3363 2828 3405 ante

1955 3423 2110 3464 Ducem
2128 3419 2178 3462 de
2203 3419 2496 3478 qualicumque
2523 3423 2710 3469 evidenti
2735 3434 2829 3464 cau-

2002 3486 2140 3540 ſa,&
2159 3487 2369 3531 conviƈtus
2371 3491 2540 3541 fuerit,
2565 3501 2614 3527 ne
2632 3490 2689 3534 ad
2695 3488 2767 3542 ju-

2171 3555 2403 3588 ramentum
2419 3547 2597 3600 permit-

2318 3608 2440 3647 tatur.

2008 3671 2046 3716 Si
2056 3675 2139 3730 quis
2149 3675 2408 3733 interpellatus
2439 3671 2522 3732 ante
2538 3674 2651 3718 Ducem
2671 3674 2720 3719 de
2728 3684 2826 3730 qua-

1950 3732 2148 3788 licumque
2159 3734 2267 3775 cauſa
2283 3734 2391 3792 quod
2409 3737 2486 3785 jam
2509 3735 2752 3778 manifeſtum
2773 3733 2862 3776 eſt

1950 3795 2070 3836 tribus
2080 3793 2140 3835 vel
2150 3807 2331 3851 quattuor
2340 3795 2493 3837 teſtibus
2510 3809 2575 3837 aut
2593 3799 2640 3838 de
2659 3796 2825 3838 homici-

1952 3853 2020 3895 dio
2039 3867 2105 3895 aut
2121 3854 2170 3897 de
2187 3854 2293 3897 furtu
2306 3867 2372 3895 aut
2394 3856 2443 3896 de
2474 3856 2603 3910 aliquo
2631 3854 2828 3909 negleƈtu,

1956 3911 2064 3963 quod
2079 3910 2139 3957 illi
2139 3910 2332 3958 teſtantur,
2347 3914 2412 3965 qui
2423 3911 2516 3952 boni
2527 3914 2733 3954 teſtimonii
2741 3910 2828 3952 ſunt

1955 3973 1995 4010 in
2005 3969 2138 4026 plebe,
2140 3985 2220 4020 non
2231 3973 2495 4026 perjuratores,
2503 3985 2574 4013 nec
2582 3972 2747 4016 fallaces,
2757 3980 2829 4011 nec

1954 4033 2202 4086 pecuniarum
2211 4043 2448 4090 acceptores,
2459 4031 2522 4075 ſed
2542 4038 2740 4076 veritatem
2763 4046 2831 4070 vo-
