1789 2660
301 448 442 481 triculum
457 452 605 489 gravant,
638 456 745 482 aroma
763 448 918 490 quoddam
934 449 1073 487 additur;
1100 449 1173 482 uſus
1193 458 1303 481 eorum

303 504 378 525 vero
394 503 456 524 non
477 496 684 533 protrahatur.
728 494 762 525 In
778 495 980 535 quibusdam,
1003 503 1036 522 ex
1049 494 1194 533 ſingulari
1210 495 1300 535 idyo-

304 535 461 573 ſincraſia,
497 536 630 574 Larides
647 537 695 572 hi,
728 536 773 568 uti
793 538 892 568 cancri
909 536 981 574 ipſi,
999 536 1080 567 varia
1103 536 1300 567 incommoda

302 577 457 612 excitant,
481 581 647 610 anxietates
662 579 808 609 nimirum
826 584 857 608 et
883 578 1030 612 vomitus,
1065 585 1144 616 quos
1166 579 1203 616 ut
1203 578 1300 616 pluri-

302 626 388 649 mum
410 618 618 662 effloreſcentia
639 621 716 650 cutis
740 619 896 657 ſequitur,
926 626 1002 656 quae
1024 618 1109 660 febri
1116 617 1300 659 ſcarlatinae

275 659 407 694 ſimilis
427 664 482 695 eſt.
527 665 560 693 In
578 663 693 692 morbis
707 661 841 701 putridis
858 667 890 691 et
910 661 1035 701 bilioſis,
1072 659 1224 700 Lapidum
1243 663 1300 691 ho-

300 710 370 733 rum
395 706 467 735 uſus
489 707 623 740 vitetur,
661 709 694 734 et
718 704 741 735 ſi
768 702 957 744 abſorbentia
987 703 1212 738 deſiderentur,
1240 702 1300 734 alia

301 748 551 782 praeſcribantur.
596 749 646 776 An
668 747 700 778 in
720 746 823 785 fluore
845 744 915 776 albo
941 750 1024 776 tanta
1049 743 1196 776 miracula
1213 752 1299 784 prae-

300 790 396 829 ſtant,
427 792 474 822 uti
500 792 600 830 perill.
625 793 659 825 L.
685 793 720 827 B.
762 793 776 825 A
806 791 994 825 STOERCK
1021 791 1201 829 contendit,
1231 799 1298 822 non

298 836 506 878 inquiremus.

272 925 415 975 134.
457 905 612 956 LAPIS
647 924 1000 955 CALAMINARIS
1032 914 1255 952 PRAEPA-

654 967 869 1013 RATVS.

283 1046 370 1078 §.
386 1029 458 1078 506.
500 1041 575 1073 Vid.
597 1041 627 1076 §.
645 1044 716 1076 307.
748 1037 885 1070 Externe
906 1040 968 1070 vim
991 1039 1181 1079 exſiccantem
1196 1043 1229 1069 et
1247 1049 1298 1071 ca-

289 1092 497 1126 tharaeticam
516 1091 664 1134 praeſtat;
687 1092 820 1134 ideoque
842 1093 873 1124 in
895 1092 964 1125 talis
981 1092 1101 1133 generis
1125 1091 1298 1135 Vnguentis

291 1137 474 1176 adhibetur.
524 1129 560 1172 In
573 1137 725 1172 ulceribus
737 1137 873 1175 ſordidis
882 1137 974 1170 etiam
987 1139 1013 1170 is
1030 1136 1166 1179 inſpergi
1183 1137 1297 1179 poteſt.

413 1235 578 1278 135.
613 1217 766 1277 LAPIS
802 1224 1085 1268 CAVSTICVS.

334 1291 367 1338 §.
382 1303 467 1339 507.
493 1302 600 1336 Rec.,
616 1286 746 1330 Lixivii
761 1295 891 1342 cauſtici
898 1282 1027 1342 filtrati
1037 1299 1215 1341 quantum
1225 1294 1294 1330 vis.

609 1377 707 1419 In
726 1376 802 1430 vaſe
824 1376 931 1429 ferreo
949 1376 1090 1417 tamdiu
1114 1387 1295 1427 evapora,

704 1427 822 1467 donec
848 1427 993 1476 guttula
1015 1418 1140 1478 Lapidi
1162 1428 1293 1477 frigido

705 1487 893 1528 inſtillata
907 1488 1126 1526 indureſcat
1189 1490 1294 1528 Tunc

697 1533 764 1576 Sal
775 1526 846 1572 hoc
864 1533 1030 1573 crucibulo
1061 1537 1294 1576 immittatur,

706 1595 747 1635 et
760 1586 855 1637 ignis
865 1588 901 1628 ei
910 1590 1166 1633 admoveatur,
1185 1589 1302 1637 vſque

714 1640 806 1679 dum
840 1640 877 1679 in
926 1641 999 1682 Olei
1035 1641 1153 1680 forma
1190 1640 1291 1683 fluat,

644 1694 806 1742 quod
847 1694 964 1733 ſubito
1007 1693 1217 1733 effundatur
1255 1693 1295 1732 in

707 1741 852 1780 canalem
863 1742 1011 1790 ferreum
1026 1740 1236 1779 calefactum
1257 1749 1296 1779 et

712 1793 796 1837 Oleo
834 1797 1009 1836 Olivarum
1039 1797 1190 1839 illitum,
1233 1796 1296 1841 qui

691 1855 824 1894 pennae
854 1846 1036 1891 anſerinae
1075 1847 1297 1891 magnitudi-

704 1908 790 1935 nem
815 1896 947 1939 habet;
984 1897 1133 1933 tandem
1155 1897 1191 1934 in
1224 1896 1299 1936 fru-

682 1951 793 1989 ſtula
811 1949 943 1986 idonea
951 1948 1113 1988 ſecatur,
1139 1955 1177 1986 et
1195 1948 1230 1987 in
1247 1949 1300 1987 vi-

705 2007 762 2038 tro
792 2010 904 2048 prope
929 1999 1048 2038 clauſo
1072 1997 1231 2040 ſervatur
1252 2001 1299 2039 ad

711 2055 831 2092 uſum.

391 2142 416 2172 §.
435 2139 507 2173 508,
549 2124 630 2177 Olim
652 2123 823 2168 remedium
842 2134 905 2164 hoc
935 2137 1017 2162 inter
1035 2146 1142 2164 arcana
1160 2143 1301 2164 habitum

309 2186 438 2223 fuit,
408 2198 445 2231 et
464 2187 583 2228 primus
606 2177 850 2222 deſcriptionem
874 2187 944 2217 eius
967 2185 1053 2219 dedit
1076 2189 1198 2219 FELIX
1215 2189 1301 2218 PLA-

312 2241 455 2266 TERVS.
496 2236 532 2267 In
557 2230 681 2273 Obſerv.
698 2227 745 2265 L.
757 2238 807 2266 II,
829 2237 861 2270 p.
866 2223 950 2271 552.
