2481 3033
616 573 972 608 CONTROVERSIA
989 576 1016 608 I.

1297 589 1368 627 459

258 671 296 697 ne
312 663 469 698 credentes
489 663 621 711 quidem
634 663 796 710 abſolvit,
836 677 893 698 nec
903 665 1002 711 juſtos
1022 669 1073 701 ita
1088 669 1293 708 declaravit,
1332 684 1372 704 ut

247 710 434 768 ſatisfactio
452 721 543 753 exigi
556 733 616 753 non
627 720 733 766 poſſet.

411 807 589 848 Clariſſimè
611 815 787 851 omnium,
827 813 861 846 &
884 812 916 846 in
936 812 1078 846 terminis
1096 812 1291 852 mitiſſimis,
1327 823 1365 850 ut

260 857 302 892 ſic
319 857 458 902 loquar,
496 867 563 890 rem
578 855 724 903 expoſuit
737 860 922 898 Heidegger
941 860 1022 895 Loc.
1043 871 1100 896 II.
1121 875 1164 914 §.
1191 869 1246 897 12.
1275 876 1365 907 Ver-

258 910 299 943 ba
316 914 382 952 ejus
402 909 502 945 ſunt:
538 911 686 945 Fueritne
707 909 823 956 Chriſti
832 912 945 959 ſponſio
960 915 1146 962 fidejuſſio,
1182 929 1223 948 an
1244 929 1364 961 expro-

254 954 384 993 miſſio,
418 964 474 1001 per
490 964 588 1000 quam
606 965 680 991 ante
691 963 884 1000 ſolutionem
902 974 1043 1003 alienam
1064 968 1286 1012 obligationem
1302 982 1364 1013 no-

254 1004 385 1038 vatione
398 999 558 1052 quadam,
597 1016 660 1049 quæ
676 1010 801 1053 veteris
814 1011 1012 1058 obligationis
1026 1030 1103 1060 cum
1121 1036 1204 1061 nova
1222 1031 1367 1069 quadam

253 1060 493 1100 commutatio,
535 1059 591 1094 vel
604 1062 640 1093 in
656 1072 775 1095 novam
794 1069 992 1109 transpoſitio
1012 1071 1078 1107 eſt,
1117 1085 1179 1119 ceu
1194 1079 1364 1125 principa-

252 1110 291 1146 lis
311 1108 432 1145 debitor
453 1112 488 1143 in
499 1110 537 1156 ſe
550 1111 750 1159 ſuſceperit,
785 1123 820 1158 &
842 1117 1002 1147 hominem
1018 1127 1164 1161 primum
1186 1127 1365 1170 debitorem

252 1162 289 1198 ſic
303 1159 519 1200 liberaverit,
560 1170 595 1194 ut
612 1161 697 1194 nihil
711 1168 742 1194 ei
752 1176 810 1209 pro
823 1179 953 1209 peccato
972 1172 1092 1209 imponi
1111 1177 1250 1216 ampliùs
1270 1190 1362 1227 potu-

253 1216 341 1257 erit,
383 1221 540 1256 quæſitum
561 1216 613 1263 eſt.
664 1222 808 1264 Fruatur
831 1221 963 1265 quisque
980 1223 1041 1265 ſuo
1070 1216 1201 1262 judicio.
1258 1234 1361 1275 Nobis

246 1270 352 1314 potior
371 1281 502 1312 eorum,
545 1273 602 1306 qui
621 1265 826 1323 fidejuſſorem
854 1271 1005 1321 faciunt,
1035 1273 1211 1320 ſententia
1211 1284 1357 1327 videtur.

249 1322 346 1357 Licet
369 1337 454 1358 enim
468 1331 578 1371 ſponſio
602 1322 718 1372 Chriſti
731 1337 861 1375 propter
882 1326 1052 1375 efficaciam
1073 1341 1187 1372 meriti
1206 1354 1265 1373 non
1287 1345 1363 1384 præ-

251 1377 364 1417 ſentis,
399 1371 457 1430 ſed
478 1376 608 1424 futuri,
647 1376 675 1411 id
693 1377 899 1429 præſtiterit,
938 1391 975 1415 ut
997 1380 1119 1418 homini
1137 1406 1301 1430 peccatum
1319 1400 1363 1432 ad

250 1422 490 1459 damnationem
515 1434 665 1462 æternam
688 1432 859 1475 imputari
870 1437 1010 1476 ampliùs
1037 1449 1099 1485 non
1113 1450 1255 1490 poſſet;
1297 1445 1361 1493 imò

248 1471 363 1512 contrà
370 1481 450 1522 fides
470 1491 513 1510 ad
528 1491 693 1522 jnſtitiam
714 1487 751 1529 &
774 1495 882 1535 vitam
907 1497 937 1533 ei
955 1497 1200 1542 imputaretur:
1239 1508 1364 1544 tamen,

238 1522 325 1573 ſicut
343 1526 407 1581 poſt
433 1540 571 1565 mortem
597 1533 712 1576 Chriſti
737 1538 774 1579 &
799 1543 1020 1580 expiationem
1040 1552 1199 1598 peccati,
1233 1564 1364 1601 propter

244 1588 416 1625 peccatum
437 1581 560 1619 homini
579 1591 665 1626 lucta
678 1610 753 1631 cum
770 1599 867 1636 carne
886 1595 1010 1631 imponi
1024 1602 1155 1644 potuit;
1196 1609 1244 1645 ita
1255 1603 1363 1645 multò

248 1627 348 1674 magis
371 1639 447 1664 ante
467 1637 604 1668 mortem
621 1638 736 1682 Chriſti
771 1644 790 1672 &
809 1651 1002 1690 ſolutionem
1016 1663 1120 1692 pretii
1146 1664 1269 1699 propter
1290 1668 1364 1700 pec-

246 1690 357 1714 catum
376 1681 483 1716 adhuc
503 1692 621 1723 extans
639 1687 762 1732 homini
779 1697 901 1730 imponi
916 1699 1045 1731 aliquid
1065 1713 1199 1753 potuit,
1238 1707 1278 1754 &
1298 1712 1358 1755 im-

243 1731 378 1775 poſitum
397 1732 460 1776 eſt,
498 1735 657 1768 nimirum
683 1737 812 1783 ſcriptio
841 1744 1070 1783 chirographi,
1109 1757 1172 1799 Col.
1190 1762 1287 1802 2.v.
1309 1774 1362 1808 12.

248 1788 309 1821 quo
329 1773 366 1812 &
384 1785 536 1815 reatum,
574 1783 673 1824 typico
690 1791 792 1830 etiam
802 1792 1039 1840 ſacrificiorum
1055 1806 1172 1846 cultu,
1199 1810 1234 1846 &
1245 1809 1364 1856 ſervi-

248 1835 319 1863 tute
340 1828 441 1866 legis,
461 1829 704 1872 confiteretnr,
737 1838 772 1877 &
779 1840 943 1876 fiduciam
960 1848 996 1886 in
1011 1850 1179 1897 Sponſore,
1213 1860 1361 1904 quando-

248 1884 309 1915 que
333 1875 480 1916 debitum
502 1877 645 1923 alienum
671 1890 894 1937 expuncturo,
930 1895 1112 1939 teſtaretur.
1165 1905 1240 1948 Non
1264 1917 1360 1957 enim

240 1929 351 1976 ſponſio
365 1929 482 1974 Chriſti
496 1928 534 1964 id
549 1930 714 1966 duntaxat
732 1935 849 1977 efficit,
877 1947 914 1980 ut
922 1952 1030 1986 ſideles
1049 1952 1109 1990 non
1126 1950 1264 1999 habeant
1281 1978 1362 2003 con-

237 1969 416 2018 ſcientiam
423 1978 573 2021 peccati,
600 1989 693 2018 velut
703 2000 763 2019 non
776 1990 917 2038 remiſſi,
945 2000 1000 2033 vel
1015 2013 1082 2035 onus
1095 2006 1211 2043 nullum
1235 2012 1275 2050 iis
1289 2016 1356 2058 im-

248 2040 405 2066 ponatur:
433 2031 495 2073 ſed
515 2032 639 2074 etiam,
665 2052 702 2077 ut
728 2037 852 2087 DEUS
861 2047 905 2085 ad
917 2057 1027 2091 eorum
1042 2056 1249 2106 utilitatem,
1280 2086 1359 2116 car-

245 2078 295 2115 nis
313 2080 612 2128 mortificationem,
649 2096 685 2128 &
703 2096 782 2135 novi
802 2117 937 2142 hominis
957 2104 1229 2155 confirmationem
1242 2134 1363 2173 pecca-

245 2152 348 2178 torem
367 2156 507 2186 urgere,
534 2148 747 2192 compellere,
819 2162 987 2208 peccatum
1004 2162 1105 2216 ipſum
759 2156 801 2206 &
1119 2174 1267 2222 caſtigare
1287 2190 1356 2215 pos-

238 2187 290 2226 ſit.
343 2197 459 2236 Sponſio
472 2206 582 2231 nempe
598 2204 716 2253 Chriſti
723 2210 760 2246 in
772 2219 836 2257 ejus
832 2219 1028 2261 ſacerdotio
1041 2223 1253 2274 conſtituitur.
1292 2246 1359 2275 Sa-

243 2241 354 2280 cerdos
378 2253 487 2281 autem
511 2259 574 2295 non
591 2259 709 2303 liberat
717 2268 785 2311 ex
785 2269 1024 2325 promiſſione,
1051 2283 1117 2321 ſed
1135 2289 1353 2333 fidejuſſione,

242 2298 333 2339 quia
343 2316 403 2340 non
422 2301 539 2347 liberat
560 2314 745 2352 peccatorem
767 2328 806 2366 a
806 2330 940 2370 reatu,
975 2335 1028 2371 niſi
1049 2337 1143 2374 poſito
1162 2337 1279 2383 actuali
1293 2346 1352 2380 ſa-

1259 2405 1349 2435 crifi-
