2569 2914
711 395 820 451 140

1165 383 1289 445 Sect.
1289 383 1378 445 III.
1378 383 1472 445 De
1472 383 1623 445 Militia
1623 383 1903 445 Germanorum

723 488 949 542 vtilitatum
972 489 1353 536 extraordinarium
1388 492 1470 549 (f)
1501 491 1770 548 manſerunt,
1810 508 1904 552 quæ
1920 496 2090 554 Regum
2109 499 2151 542 in
2172 497 2315 544 doma-

722 545 900 592 nialibus
925 547 1003 590 ſuis
1027 549 1199 606 prædiis
1226 550 1433 606 fuerunt,
1471 551 1516 600 &
1549 551 1641 597 hæc
1668 553 1808 598 omnia
1836 566 1958 598 more
1995 555 2153 612 antiqui
2179 558 2313 601 Laco-

2192 620 2317 663 nismi

721 733 812 775 Iicet
829 735 868 774 in
888 735 1021 775 iisdem
1039 733 1140 787 pagis
1158 736 1289 787 prædia
1313 736 1550 785 habuerint,
1596 739 1633 778 &
1660 740 1942 789 habitaverint,
1987 742 2153 792 directa,
2203 743 2316 785 adeo-

722 800 797 839 que
822 790 886 828 illa
910 788 1051 841 Judicia
1068 789 1167 831 nihil
1182 789 1337 839 minus,
1366 801 1481 843 quam
1498 790 1635 843 clauſa,
1666 794 1703 834 &
1729 805 1864 836 omnes
1891 797 1990 838 intra
2016 796 2109 837 fines
2142 809 2318 852 compre-

723 850 934 891 hendentia
959 849 1075 893 fuiſſe.

866 916 931 970 (f)
960 917 1113 960 Dictum
1135 918 1205 959 hac
1227 918 1274 958 de
1288 933 1329 960 re
1355 916 1404 961 in
1404 916 1508 962 Sect.
1529 925 1575 963 II.
1594 927 1633 968 §.
1656 927 1691 964 6.
1711 930 1793 962 not.
1810 923 1871 974 (d)
1895 917 1934 970 ſi
1945 924 2049 966 enim
2069 922 2208 978 absque
2227 935 2319 966 con-

722 969 910 1009 ventione
924 968 1071 1023 publica
1087 971 1140 1019 jus
1158 971 1198 1009 in
1214 972 1324 1012 rebus
1340 972 1414 1012 toti
1432 973 1571 1015 Ordini
1592 974 1862 1016 communibus
1881 975 1974 1028 Regi
1992 989 2072 1017 non
2090 976 2204 1017 fuerit
2225 989 2319 1019 con-

721 1020 914 1068 ſtitutum,
953 1022 1029 1061 tale
1046 1023 1135 1073 quid
1152 1033 1277 1063 autem
1297 1024 1343 1063 de
1361 1025 1441 1076 jure
1460 1025 1499 1064 in
1524 1037 1630 1066 certo
1647 1027 1764 1072 loco,
1804 1039 1884 1067 non
1917 1040 2042 1071 autem
2073 1029 2119 1068 de
2145 1032 2224 1079 jure
2253 1041 2317 1079 ge-

719 1076 841 1110 nerali
868 1075 907 1111 in
927 1077 1047 1121 Reges
1067 1073 1330 1113 transferendo
1346 1075 1494 1127 egerit,
1526 1077 1576 1116 ita
1595 1078 1632 1116 &
1649 1078 1788 1127 absque
1807 1078 1972 1128 expreſſo
1987 1081 2166 1121 conſenſu
2181 1085 2236 1133 jus
2247 1077 2318 1121 Re-

719 1127 829 1170 gibus
848 1128 887 1160 in
906 1126 1017 1163 diviſa
1035 1124 1235 1165 Nobilium
1246 1125 1457 1166 Territoria
1472 1126 1587 1165 adſeri
1612 1126 1767 1178 nequit,
1799 1130 1862 1178 qui
1879 1141 1926 1167 eo
1939 1131 2058 1181 magis
2077 1123 2314 1178 deſideratur,

720 1186 799 1221 quo
818 1177 981 1225 pleniori
1001 1186 1085 1214 cum
1107 1176 1277 1217 libertate
1295 1177 1349 1216 his
1369 1178 1422 1217 vti
1437 1179 1630 1218 ſueverant
1651 1179 1785 1229 ſinguli
1805 1182 1987 1227 Nobiles,
2017 1193 2116 1225 cujus
2134 1184 2316 1226 reſtrictio

717 1229 886 1276 præſumi
905 1228 1049 1278 nequit.
1079 1230 1128 1268 Ex
1146 1230 1201 1268 his
1219 1242 1310 1269 vero
1328 1230 1547 1271 vtilitatibus
1566 1225 1866 1274 extraordinariis
1876 1234 2093 1278 Territorio
2103 1235 2232 1277 Nobili
2251 1238 2314 1278 ad-

718 1282 915 1328 glutinatis
932 1293 975 1317 ex
992 1280 1082 1319 ſtatu
1101 1281 1304 1330 poſſeſſoris
1323 1285 1398 1331 jam
1422 1283 1461 1318 in
1479 1288 1515 1325 §.
1531 1294 1566 1326 4.
1584 1294 1666 1322 not.
1685 1286 1746 1332 (b)
1762 1286 1800 1324 &
1817 1289 1886 1333 (c)
1900 1288 1937 1324 &
1960 1287 1998 1324 h.
2016 1294 2053 1333 §.
2079 1298 2160 1326 not.
2178 1289 2237 1336 (d)
2254 1288 2313 1329 fo-

717 1334 812 1365 reſta
831 1332 869 1363 &
887 1333 926 1363 in
951 1335 1034 1364 not.
1048 1329 1104 1373 (e)
1134 1327 1340 1377 conjectas,
1372 1330 1445 1369 ſive
1461 1332 1600 1371 tributa
1615 1333 1847 1372 colonorum
1859 1334 2035 1374 dominio
2051 1336 2311 1378 obnoxiorum

720 1383 909 1421 vidimus,
941 1379 978 1415 &
996 1378 1042 1415 de
1060 1374 1264 1429 piſcatione
1293 1390 1334 1417 ac
1353 1380 1558 1420 venatione
1584 1380 1625 1419 in
1646 1380 1714 1422 ſuis
1735 1382 1842 1422 terris
1864 1384 2024 1425 exercita
2039 1383 2223 1427 dubitabit
2243 1399 2312 1427 ne-

716 1443 812 1472 mo:
865 1432 995 1472 eadem
1016 1441 1173 1479 autem,
1212 1443 1293 1486 quæ
1311 1434 1349 1476 in
1368 1435 1549 1484 Allodiis,
1581 1436 1618 1477 &
1639 1437 1679 1480 in
1696 1438 1826 1481 Feudis
1856 1432 2046 1487 Nobilium
2066 1438 2225 1483 fuerunt
2252 1448 2314 1483 ac-

716 1487 895 1535 ceſſoria,
924 1488 1013 1528 teſte
1033 1490 1181 1530 Docum
1210 1499 1269 1528 ao.
1305 1500 1364 1537 37.
1403 1491 1528 1543 Regni
1557 1490 1700 1535 Ludov.
1734 1493 1864 1536 Germ.
1890 1494 2070 1537 confecto
2089 1507 2145 1548 ap.
2175 1494 2312 1547 Lunig.

717 1543 816 1592 Spic.
839 1540 930 1580 Eccl.
952 1542 1036 1584 Vol
1058 1545 1119 1583 III.
1143 1546 1177 1583 S.
1199 1543 1334 1584 Gallen
1365 1546 1458 1583 Nro.
1480 1553 1537 1590 31.
1569 1554 1604 1594 p.
1622 1534 1718 1591 204.
1787 1550 1869 1585 Cum
1891 1550 2025 1587 licentia
2049 1552 2185 1587 Domini
2211 1554 2312 1589 Regis

717 1595 903 1640 Hludovici
919 1602 1010 1628 ---
1010 1593 1148 1630 accepit
1165 1589 1206 1617 de
1217 1588 1410 1632 ſupradicto
1427 1590 1629 1634 Wuitperto;
1659 1588 1785 1638 Vaſallo
1797 1592 1935 1625 Domini
1948 1592 2047 1637 Regis
2062 1600 2108 1626 ex
2129 1599 2234 1639 parte
2254 1582 2305 1634 ſui

720 1642 899 1678 beneficii
913 1645 948 1673 in
963 1640 1073 1673 eodem
1080 1648 1166 1687 pago
1177 1639 1477 1689 (Zurichgauge)
1489 1644 1531 1681 &
1547 1648 1582 1678 in
1597 1646 1661 1680 loco
1672 1645 1826 1682 Velebach
1835 1655 2020 1695 nuncupato
2035 1651 2075 1682 II
2087 1649 2182 1684 hobas
2207 1650 2227 1687 &
2255 1662 2309 1685 ca-

711 1697 768 1731 ſas
792 1702 865 1716 cum
888 1691 1018 1723 curtis,
1062 1687 1245 1733 ceterisque
1276 1687 1422 1732 ædificiis
1445 1695 1548 1732 atque
1567 1699 1668 1724 vnam
1697 1686 1824 1727 ſilvam
1848 1689 1893 1725 ad
1914 1688 2052 1727 eundem
2076 1692 2180 1727 locum
2194 1697 2307 1743 perti-

716 1753 877 1790 nentem,
906 1748 964 1769 nec
979 1747 1041 1771 non
1067 1736 1087 1776 &
1117 1734 1326 1787 piſcationis
1342 1736 1437 1788 vſum
1453 1741 1542 1776 illius
1556 1740 1638 1779 laci,
1668 1741 1728 1789 qui
1736 1738 1930 1789 ſupradicto
1955 1744 2018 1781 loco
2038 1744 2207 1793 contiguus
2221 1744 2301 1795 fore

717 1797 867 1826 videtur.
926 1788 997 1829 Sed
1016 1788 1052 1829 &
1069 1789 1225 1842 quando
1241 1787 1315 1844 ſpes
1331 1790 1545 1844 adpareret,
1570 1799 1760 1844 repertum
1778 1794 1825 1833 iri
1849 1793 2145 1839 metallifodinas
2167 1796 2206 1838 in
2228 1807 2305 1839 ter-

715 1848 854 1880 ritorio
870 1845 1036 1887 donato,
1063 1851 1193 1880 earum
1218 1851 1372 1894 quoque
1390 1841 1431 1882 fit
1448 1841 1600 1884 mentio
1619 1846 1658 1885 in
1680 1844 1813 1886 tabulis
1830 1845 2096 1890 donationum.
2133 1849 2216 1891 Vid.
2236 1852 2303 1893 Di-

717 1902 843 1948 plom.
860 1900 990 1937 Caroli
1003 1901 1057 1937 M.
1070 1898 1116 1936 de
1126 1909 1158 1937 a.
1173 1899 1261 1946 786.
1294 1897 1503 1946 Ludovico,
1534 1894 1748 1948 Glichenſis
1769 1902 1908 1943 Familiæ
1919 1901 2156 1957 Progenitori
2172 1907 2303 1946 datum

717 1970 770 1996 ap.
787 1960 869 1981 Lun.
893 1956 969 1996 ſpic.
993 1954 1060 1985 Sec.
1078 1954 1155 1987 XII.
1173 1953 1303 2002 Abſatz.
1335 1954 1414 1986 Nro.
1438 1961 1469 1987 1.
1484 1959 1528 2001 p.
1542 1955 1633 1989 266.
1726 1951 1802 1989 Tibi
1816 1957 1946 2004 tuisque
1960 1954 2133 1993 heredibus
2154 1957 2304 1994 concedi-

718 2016 791 2032 mus
807 2007 953 2032 tractum
968 2008 1108 2047 regionis
1125 2008 1161 2034 in
1175 2006 1270 2039 Saltu
1283 2001 1385 2049 noſtro
1403 2002 1622 2050 Thuringiaco
1640 2001 1686 2039 ad
1700 2005 1775 2040 XX.
1804 2004 1961 2043 milliaria
1987 2004 2109 2053 (forte
2126 2005 2301 2058 Gallica)

716 2063 753 2084 in
770 2057 993 2098 longitudine,
1032 2056 1053 2090 &
1084 2055 1193 2088 decem
1208 2059 1242 2087 in
1259 2052 1441 2091 latitudine
1454 2054 1535 2102 jure
1551 2051 1782 2096 hereditario
1786 2053 2008 2106 poſſidendum
2036 2060 2079 2099 &
2091 2058 2297 2108 ſacultatem

715 2110 833 2143 damus
847 2107 888 2142 in
906 2107 1126 2145 Territorio
1142 2108 1287 2158 diſtricti
1308 2109 1405 2149 illius
1429 2107 1718 2149 Dominationis
1733 2121 1877 2158 quærere
1893 2113 1936 2153 &
1946 2114 2067 2164 fodere
2083 2122 2217 2153 aurum
2237 2126 2296 2153 ar-

717 2165 878 2203 gentum
910 2165 1021 2201 atque
1060 2159 1192 2192 omnia
1227 2158 1294 2190 alia
1338 2155 1497 2195 metalla,
1535 2162 1589 2193 vti
1602 2157 1747 2194 debeatis
1769 2157 1812 2195 &
1826 2157 1957 2210 poſſitis.
2003 2163 2171 2198 Donamus
2194 2171 2298 2199 etiam

713 2212 836 2257 oppida
853 2210 986 2243 Glichou
1002 2213 1046 2248 &
1074 2209 1179 2260 Aſchk
1200 2222 1275 2246 cum
1297 2207 1442 2246 omnibus
1457 2211 1641 2260 requiſitis,
1670 2222 1741 2260 quæ
1760 2210 1807 2247 ad
1829 2227 1884 2250 nos
1909 2216 1999 2254 obitu
2021 2218 2102 2255 Viri
2118 2216 2294 2265 Nobilis,

713 2259 892 2298 Sichardi,
917 2258 1076 2294 Domini
1093 2271 1128 2292 in
1151 2259 1279 2294 Gleicho
1294 2259 1493 2306 pervénere.
1563 2261 1690 2296 Datum
1711 2259 1757 2295 ad
1777 2263 1915 2299 Portum
1937 2266 2059 2300 Naonis
2082 2266 2121 2296 in
2141 2265 2300 2303 Francia.

711 2318 764 2349 Ex
780 2310 1046 2359 ſubſcriptione
1063 2312 1217 2362 quidem
1237 2311 1312 2351 loci
1335 2311 1353 2351 &
1379 2311 1454 2351 diei
1473 2325 1544 2361 pro
1560 2311 1687 2365 ſpurio
1700 2313 1827 2356 haberi
1842 2318 1977 2370 nequit
1999 2317 2075 2357 hoc
2093 2315 2299 2373 Diploma,

714 2368 895 2414 ſiquidem
913 2363 1071 2401 Carolus
1089 2365 1227 2403 eodem
1244 2375 1352 2403 anno
1373 2373 1502 2404 contra
1527 2367 1726 2407 Britannos
1758 2368 1927 2410 minores
1958 2368 2157 2411 inſtituerit
2184 2382 2299 2423 expe-

712 2420 904 2456 ditionem
919 2416 955 2457 &
973 2414 1074 2457 Laici
1087 2416 1248 2465 Nobiles
1266 2421 1310 2466 in
1333 2414 1555 2465 aſſervandis
1570 2416 1703 2464 tabulis
1720 2418 1883 2476 antiquis
1908 2421 2035 2478 minus
2056 2421 2209 2471 ſoliciti,
2240 2426 2299 2466 ſo-

2176 2484 2298 2531 laque
