1551 2295
176 381 264 412 nem
272 374 353 414 vult
361 375 598 421 circumcidi;
623 367 695 419 ſed
703 379 942 434 cupiditates:
967 384 988 402 ¹¹
1006 393 1086 429 non

179 417 223 454 ab
233 421 339 458 omni
350 433 479 472 opere,
493 423 554 462 ſed
563 428 607 464 ab
616 429 749 470 illicito
760 446 832 474 nos
835 436 979 480 feriari:
1007 449 1088 476 non

177 483 366 528 pecudum
374 480 606 533 ſanguinem,
637 495 702 523 aut
716 488 862 538 adipem
879 492 964 537 Deo
973 494 1082 543 ſacra-

175 543 233 580 re,
249 536 309 576 ſed
318 537 341 575 ſi
352 546 449 586 opus
461 535 521 585 ſit,
536 545 558 564 ¹²
568 550 639 591 pro
653 543 805 587 veritate
820 547 931 592 ipſius
949 551 1082 595 teſtan-

175 584 220 625 da
245 590 413 628 noſtrum
435 588 570 630 offerre
590 593 822 644 ſanguinem:
845 602 865 629 ¹³
880 602 918 648 &
935 616 1020 656 quæ
1034 609 1084 654 de

177 638 287 680 bonis
297 639 431 679 noſtris
439 647 634 698 egentibus
645 655 796 702 damus,
815 655 901 703 Deo
912 663 992 709 data
1001 679 1081 715 cre-

178 693 283 732 dere:
306 705 387 734 non
396 702 508 742 certis
521 703 692 744 ciborum
707 719 873 759 potusve
881 723 1081 764 generibus

176 746 381 797 abſtinere,
406 752 466 791 ſed
470 763 502 785 ¹⁴
511 762 678 808 utroque
684 766 739 812 uti
747 775 833 814 cum
849 776 989 821 modo,
1013 782 1080 830 qui

172 802 316 844 ſanitati
324 808 546 855 conveniat,
558 815 581 834 ¹⁵
595 813 784 859 interdum
791 823 830 873 &
839 825 985 874 jejuniis
996 833 1082 879 ſub-

171 855 293 898 actum
315 871 453 911 corpus
476 866 603 906 animo
633 870 833 919 addicere,
853 893 936 932 quo
948 886 984 931 is
1007 891 1082 936 ala-

172 919 274 959 crior
281 921 326 959 ad
334 920 497 964 ſublimia
504 921 654 964 feratur.
701 926 888 977 Præcipua
896 949 989 985 vero
996 954 1080 987 pars

173 971 365 1024 religionis
374 973 516 1028 ubique
524 975 736 1018 oſtenditur
743 990 857 1031 poſita
857 993 892 1032 ¹⁶
903 997 948 1042 in
958 1000 1019 1044 pia
1031 1003 1080 1047 fi-

172 1027 299 1076 ducia,
303 1024 340 1079 ¹⁷
352 1041 421 1082 qua
430 1033 639 1087 compoſiti
655 1037 700 1074 ad
719 1039 832 1085 fidele
854 1049 1077 1099 obſequium

171 1091 197 1116 ¹⁸
209 1085 248 1124 in
257 1084 382 1125 Deum
399 1087 472 1127 toti
490 1092 761 1137 recumbimus,
768 1104 800 1136 ¹⁹
825 1105 979 1149 ejusque
983 1122 1077 1162 pro-

171 1135 281 1178 miſſis
290 1149 372 1179 non
386 1140 538 1185 dubiam
555 1146 739 1195 habemus
762 1156 897 1210 fidem;
913 1171 951 1205 ²⁰
972 1169 1078 1218 unde

950 1236 987 1275 &
995 1235 1075 1289 ſpes

209 1262 235 1282 ¹¹
243 1255 305 1284 Non
314 1254 353 1284 ab
353 1254 429 1285 omni
435 1260 516 1295 opere,
525 1260 565 1297 ſed
575 1262 610 1297 ab

168 1294 259 1328 illicito
268 1306 314 1326 nos
316 1296 443 1343 feriari.]
447 1308 468 1334 1.
489 1300 544 1331 Cor.
554 1303 605 1336 V.8.

210 1347 236 1366 ¹²
253 1339 304 1367 Pro
311 1338 421 1368 veritate
425 1339 502 1378 ipſius
509 1344 606 1380 teſtan-

167 1378 204 1408 da
210 1378 324 1423 noſtrum
332 1379 423 1424 offerre
422 1380 605 1423 ſanguinem.]

167 1428 187 1452 1.
197 1424 261 1455 Cor.
271 1425 306 1456 X.
315 1434 350 1463 13.
377 1420 456 1469 Hebr.
472 1427 525 1458 XII.
532 1437 564 1466 4.
584 1435 606 1458 1.

169 1464 239 1497 Petr.
249 1468 285 1497 11.
285 1468 327 1498 21.

211 1513 235 1541 ¹³
263 1507 335 1549 Quæ
348 1507 381 1538 de
412 1508 488 1541 bonis
512 1511 606 1553 noſtris

168 1546 298 1584 egentibus
320 1542 440 1586 damus,
465 1551 523 1579 Deo
538 1553 605 1581 data

170 1592 290 1631 credere.]
297 1594 403 1626 Matth.
409 1596 485 1628 XIX.
494 1604 528 1628 21.
535 1596 602 1627 Luc.

167 1630 227 1662 XII.
238 1641 272 1671 33.
290 1643 312 1663 2.
320 1634 384 1666 Cor.
393 1635 441 1665 IX.
450 1645 480 1673 7.
501 1644 522 1669 1.
529 1638 604 1668 Tim.

167 1675 216 1705 VI.
226 1685 264 1715 19.
289 1676 365 1707 Hebr.
388 1679 454 1709 XIII.
463 1681 502 1712 16.

209 1721 244 1750 ¹⁴
269 1721 381 1754 Utroque
387 1721 429 1744 uti
444 1725 504 1746 cum
516 1721 604 1755 modo,

168 1756 216 1792 qui
222 1757 345 1795 ſanitati
345 1758 527 1801 conveniat.]
537 1763 604 1791 Luc.

167 1797 240 1829 XXI.
247 1807 290 1836 34.
307 1800 388 1831 Rom.
414 1800 491 1838 XIII.
510 1810 545 1838 13.
561 1810 603 1837 14.

165 1838 238 1872 Eph.
244 1842 279 1873 V.
288 1847 322 1877 18.
343 1838 407 1873 Gal.
414 1841 450 1872 V.
457 1848 521 1874 21.1.
530 1846 601 1877 Petr.

166 1880 213 1909 IV.
221 1890 242 1917 3.
264 1892 287 1913 1.
301 1883 375 1916 Tim.
391 1878 440 1915 IV.
451 1891 473 1920 3.

197 1927 225 1958 ¹⁵
244 1921 375 1955 Interdum
389 1924 408 1968 &
421 1925 534 1966 jejuniis
533 1925 601 1967 ſub-

167 1956 255 1983 actum
263 1964 352 1994 corpus
356 1967 449 2000 animo
454 1968 601 2006 addicere.]

167 1999 271 2032 Matth.
286 2004 334 2031 VI.
350 2009 393 2042 17.
402 2009 439 2038 18.
459 2009 549 2046 XVII.
563 2012 602 2048 21.

640 1279 736 1313 Actor.
744 1282 813 1314 XIII.
832 1292 855 1313 2.
876 1290 896 1313 1.
907 1283 974 1314 Cor.
985 1286 1077 1324 VII.5.

672 1327 706 1352 ¹⁶
731 1327 764 1353 In
779 1325 830 1365 pia
837 1323 967 1368 ſiducia.]
989 1329 1073 1361 Hebr.

639 1363 689 1395 VI.
697 1372 732 1394 11.
747 1365 781 1395 X.
791 1372 832 1394 22.

683 1422 713 1451 ¹⁷
731 1419 802 1458 Qua
810 1419 939 1459 compoſiti
946 1420 988 1454 ad
993 1422 1075 1462 fidele

634 1455 808 1498 obſequium.]
817 1460 880 1489 Luc.
890 1459 933 1489 XI.
946 1465 982 1494 28.
1008 1466 1074 1498 Joh.

636 1501 711 1532 XIII.
728 1509 765 1538 17.
781 1500 809 1530 &
823 1498 895 1539 ſeqq.
917 1502 998 1532 Rom.
1011 1506 1031 1534 I.
1051 1513 1072 1541 5.

637 1552 658 1571 1.
667 1544 735 1574 Cor.
744 1545 804 1576 VII.
812 1553 853 1580 19.
868 1546 929 1576 Gal.
944 1549 977 1576 V.
998 1548 1024 1578 6.
1053 1559 1074 1578 1.

634 1583 704 1615 Petr.
711 1583 734 1617 I.
741 1593 765 1614 2.

679 1633 705 1664 ¹⁸
726 1630 759 1659 In
766 1631 877 1672 Deum.]
886 1631 988 1664 Matth.
998 1636 1070 1667 XXI.

638 1675 674 1698 21.
698 1679 722 1699 2.
737 1671 803 1701 Cor.
816 1671 838 1699 I.
856 1680 882 1708 9.
898 1681 941 1700 20.
961 1682 984 1701 2.
995 1674 1070 1704 Tim.

636 1709 659 1741 I.
674 1719 713 1742 12.

678 1765 706 1795 ¹⁹
733 1757 846 1798 Ejusque
872 1760 1000 1800 promiſſis
1017 1772 1072 1791 non

636 1798 748 1831 dubiam
754 1801 877 1831 habemus
883 1801 998 1844 ſidem.]
1003 1805 1070 1833 Luc.

636 1841 658 1873 1.
665 1851 703 1880 37.
723 1839 786 1885 Rom.
796 1848 843 1875 III.
850 1857 881 1882 4.
893 1849 936 1876 IV.
936 1849 979 1876 20.
987 1845 1069 1879 Hebr.

635 1889 683 1921 VI.
693 1897 733 1925 17.
749 1899 771 1920 2.
777 1891 849 1920 Tim.
859 1891 896 1924 11.
896 1891 935 1925 13.

678 1944 712 1964 ²⁰
729 1936 803 1965 Unde
823 1935 840 1965 &
855 1936 916 1975 ſpes
931 1933 1073 1976 exfurgit.]

634 1974 722 2008 Hebr.
742 1979 792 2007 III.
818 1980 846 2007 6.
873 1978 922 2007 VI.
937 1985 973 2006 11.
987 1981 1025 2012 18.
1025 1983 1073 2013 19.

634 2019 716 2049 Rom.
725 2021 799 2050 VIII.
811 2028 854 2057 24.
