3082 4325
954 526 1100 576 gvinibus
1117 528 1133 562 &
1153 526 1317 562 voluntate
1325 525 1405 570 viri,
1415 523 1468 560 ſed
1477 535 1521 561 ex
1526 533 1607 571 aqua
1620 525 1636 557 &
1654 521 1784 570 ſpiritu,
1790 521 1866 569 Joh.

959 585 1016 617 III.
1065 578 1155 624 (IIl.)
1177 577 1260 627 Quia
1268 575 1386 612 etiamſi
1395 576 1486 610 terris
1497 585 1636 621 corpore
1652 574 1805 612 exiſtens,
1814 582 1866 607 ta-

961 639 1035 662 men
1043 628 1189 672 ſpiritu
1162 630 1191 675 in
1198 625 1289 660 cœlis
1296 624 1444 667 verſatur,
1452 623 1604 660 collocata
1624 622 1681 669 cum
1699 622 1824 659 Chriſto
1833 622 1867 656 in

961 678 1149 730 cœleſtibus,
1166 675 1257 729 Epheſ.
1259 681 1299 712 II.
1346 674 1446 719 Cujus
1454 674 1650 711 converſatio
1663 676 1696 710 in
1711 673 1806 718 cœlis
1806 673 1865 717 eſt,

961 735 1094 780 Philipp.
1102 736 1157 767 III.
1206 732 1345 779 Quærite
1353 741 1423 776 quæ
1430 729 1544 767 ſurſum
1554 724 1633 779 ſunt,
1647 723 1741 778 Coloſſ.
1746 732 1800 765 lII.
1816 731 1871 764 In-

960 783 1071 822 primis
1078 786 1156 810 vero
1165 777 1217 810 hic
1225 784 1293 808 eam
1303 767 1346 808 ob
1356 773 1488 810 cauſſam
1496 772 1658 817 Johannes
1673 782 1742 807 eam
1753 772 1834 805 vidit
1850 782 1870 805 e

965 831 1052 865 cœlo
1060 827 1313 868 deſcendentem,
1321 826 1395 872 quia
1405 825 1527 871 ſpiritus
1535 824 1687 868 juſtorum
1699 825 1729 860 in
1740 823 1871 860 noviſſi-

964 891 1021 914 mo
1037 880 1090 914 die
1105 889 1123 911 e
1137 878 1222 913 cœlo
1237 876 1448 917 deſcendent,
1464 886 1501 909 ut
1515 885 1589 911 cum
1602 875 1793 920 corporibus
1811 873 1872 909 ſuis

963 932 1206 976 conjungantur,
1215 940 1251 963 ac
1259 929 1300 964 ſic
1310 928 1428 966 cœleſti
1435 929 1574 967 claritate
1581 928 1670 962 ſancti
1679 926 1873 975 perfundan-

962 990 1024 1014 tur.
1047 979 1269 1024 Splendebunt
1276 978 1362 1012 enim
1372 975 1447 1026 ſicut
1460 976 1505 1010 Sol
1516 976 1547 1010 in
1557 985 1660 1020 regno
1671 974 1743 1015 Dei,
1751 965 1873 1010 Matth.

962 1034 1048 1068 XIII.
1093 1033 1160 1066 Has
1174 1029 1218 1065 ob
1225 1029 1336 1064 cauſſas
1354 1035 1485 1068 vocatur,
1504 1018 1611 1076 Apocal.
1620 1030 1674 1061 IV.
1689 1025 1873 1070 Jeruſalem,

965 1096 1037 1131 quæ
1050 1081 1163 1121 ſurſum
1180 1084 1232 1120 eſt.
1297 1087 1329 1120 A
1352 1086 1438 1121 DEO
1463 1083 1708 1129 PARATAM.)
1738 1082 1873 1116 Eccleſia

964 1137 997 1171 in
1006 1136 1154 1185 ſcriptura
1163 1133 1267 1180 ſæpius
1276 1132 1395 1168 dicitur
1397 1133 1510 1178 ſponſa
1519 1131 1642 1178 Chriſti,
1653 1141 1751 1176 quam
1749 1130 1810 1175 ſibi
1816 1131 1872 1166 de-

958 1182 1119 1227 ſponſavit
1128 1181 1160 1213 in
1172 1190 1325 1220 æternum,
1334 1178 1524 1224 deſponſavit
1530 1177 1698 1223 injuſtitia,
1701 1173 1833 1219 judicio,
1839 1178 1873 1210 in

967 1234 1174 1280 miſericordia
1189 1234 1226 1269 &
1233 1233 1265 1266 in
1273 1230 1575 1276 miſerationibus,
1558 1226 1573 1275 &
1582 1230 1661 1276 fide,
1673 1228 1735 1276 Oſe.
1745 1234 1784 1265 II.
1832 1233 1875 1266 Et

966 1279 1239 1326 quemadmodum
1248 1280 1372 1325 ſponſus
1388 1279 1465 1314 ſolet
1479 1278 1590 1324 ſponſæ
1599 1277 1658 1312 ſuæ
1667 1288 1739 1312 ante
1748 1270 1878 1321 nuptias

966 1344 1097 1370 munera
1106 1333 1206 1374 dare;
1226 1334 1266 1369 ſic
1282 1333 1421 1373 Chriſtus
1438 1332 1492 1367 ſuæ
1502 1331 1613 1377 ſponſæ
1631 1331 1725 1366 etiam
1736 1329 1793 1365 dat
1802 1340 1873 1364 mu-

966 1390 1042 1415 nera
1053 1380 1242 1423 cooperiens
1258 1388 1327 1416 eam
1336 1375 1457 1423 byſſino
1478 1388 1559 1424 puro
1574 1379 1604 1410 &
1613 1375 1796 1422 ſplendido,
1807 1386 1876 1423 quæ

962 1432 1031 1482 ſunt
1042 1431 1276 1476 juſtificationes
1290 1424 1485 1468 ſanctorum,
1499 1431 1587 1476 ſupra
1602 1439 1667 1475 cap.
1675 1432 1756 1466 XIX.
1765 1430 1842 1474 verſ.
1847 1435 1874 1465 8.

965 1488 1068 1522 Ornat
1075 1496 1143 1519 eam
1153 1484 1244 1520 donis
1259 1483 1386 1529 Spiritus
1399 1477 1484 1526 ſancti
1496 1483 1573 1525 fide,
1584 1481 1648 1527 ſpe,
1656 1479 1819 1525 charitate,
1829 1484 1876 1531 pa-

963 1531 1108 1570 tientia,
1091 1528 1161 1577 &c.
1191 1530 1267 1563 Hoc
1274 1521 1373 1562 modo
1381 1537 1491 1561 ornata
1503 1526 1613 1571 ſponſo
1627 1527 1682 1561 ſuo
1690 1522 1871 1568 adducitur,

968 1593 1005 1620 ut
1013 1595 1085 1620 cum
1096 1582 1163 1630 ipſo
1179 1584 1210 1618 in
1222 1583 1341 1617 cœlum
1357 1593 1477 1617 novum
1485 1581 1631 1617 introeat.

1062 1690 1187 1724 VERS.
1202 1686 1438 1726 III.IV.V.VI.
1476 1686 1532 1721 ET
1557 1693 1708 1717 AUDIVI
1732 1691 1875 1716 VOCEM

968 1733 1195 1776 MAGNAM.)
1217 1732 1336 1776 Agitur
1345 1729 1388 1764 de
1395 1731 1518 1775 magnis
1531 1729 1644 1771 rebus,
1659 1729 1802 1773 ideoque
1809 1738 1876 1763 vox

969 1792 1082 1828 magna
1092 1781 1226 1817 auditur.
1274 1782 1362 1828 Quid
1371 1790 1449 1826 ergo
1458 1783 1567 1816 rerum
1567 1781 1647 1816 eſt?
1670 1780 1778 1816 ECCE
1802 1789 1875 1813 TA-

970 1840 1267 1867 BERNACULUM
1290 1833 1370 1866 DEI
1394 1838 1480 1863 CUM
1507 1830 1780 1875 HOMINIBUS.)
1802 1830 1876 1863 No-

971 1893 1056 1918 tatur
1066 1883 1117 1916 hic
1124 1891 1235 1917 æterna
1242 1883 1306 1916 Dei
1322 1884 1336 1916 &
1359 1878 1576 1923 jucundiſſima
1587 1878 1783 1914 conſvetudo
1799 1888 1876 1913 cum

970 1931 1075 1967 ſanctis
1084 1931 1158 1965 ſuis.
1195 1930 1260 1966 Ubi
1269 1934 1354 1963 Deus
1362 1929 1422 1963 erit
1438 1930 1544 1962 omnia
1552 1929 1584 1962 in
1595 1926 1761 1967 omnibus,
1777 1938 1798 1959 1.
1808 1929 1876 1961 Cor.

970 1987 1036 2017 XV.
1045 1983 1100 2028 qui
1115 1980 1176 2015 ſine
1186 1981 1249 2017 fine
1257 1979 1419 2016 videbitur
1438 1982 1452 2013 &
1472 1979 1667 2014 laudabitur,
1670 1978 1739 2018 ſine
1751 1978 1875 2013 faſtidio

973 2032 1139 2072 amabitur,
1148 2033 1202 2074 qui
1212 2031 1325 2065 ſanctos
1332 2030 1381 2068 ſua
1390 2031 1480 2067 luce,
1486 2027 1600 2070 juſtitia
1614 2032 1643 2062 &
1658 2030 1722 2063 vita
1728 2026 1877 2072 replebit.

967 2080 1277 2114 ABSTERSURUS
1302 2086 1461 2112 OMNEM
1490 2077 1779 2122 LACRYMAM.)
1826 2076 1877 2113 Eſt

974 2128 1143 2173 deſcriptio
1158 2137 1275 2162 æternæ
1283 2126 1484 2162 beatitudinis
1500 2126 1661 2169 deſumpta
1676 2137 1718 2160 ex
1727 2125 1876 2168 Prophe-

974 2179 1023 2211 tis.
1071 2179 1150 2222 Quæ
1171 2178 1255 2210 enim
1278 2176 1319 2208 de
1342 2175 1542 2210 tabernaculo
1556 2176 1620 2208 Dei
1636 2176 1722 2208 inter
1731 2172 1877 2207 homines

978 2229 1072 2268 dixit,
1080 2228 1131 2261 illa
1139 2234 1249 2262 extant
1262 2227 1346 2270 apud
1359 2226 1544 2260 Ezechielem
1554 2233 1622 2268 cap.
1633 2228 1786 2260 XXXVII.
1792 2235 1824 2257 v.
1833 2235 1877 2266 27.

975 2277 1019 2310 Et
1027 2276 1086 2309 erit
1096 2272 1306 2307 habitaculum
1316 2281 1421 2306 meum
1431 2273 1461 2305 in
1469 2270 1555 2312 eis,
1536 2267 1549 2316 &
1563 2281 1620 2304 ero
1627 2266 1671 2304 eis
1679 2273 1711 2305 in
1721 2268 1838 2310 Deum,
1845 2273 1875 2304 &

977 2326 1042 2370 ipſe
1052 2326 1111 2358 erit
1121 2325 1197 2358 mihi
1214 2325 1244 2357 in
1253 2320 1427 2371 populum,
1435 2325 1450 2362 &
1468 2322 1564 2356 ſcient
1572 2330 1701 2366 gentes,
1712 2318 1801 2365 quod
1812 2329 1875 2363 ego

975 2375 1121 2418 Jehovah
1129 2373 1280 2408 ſanctiſico
1288 2371 1398 2412 Israel,
1407 2383 1478 2405 cum
1486 2369 1582 2407 fuerit
1595 2369 1794 2405 ſanctuarium
1803 2381 1875 2404 me-

978 2432 1033 2455 um
1042 2422 1073 2455 in
1082 2419 1190 2453 medio
1199 2430 1310 2453 eorum
1321 2419 1352 2452 in
1361 2426 1563 2463 perpetuum.
1611 2419 1687 2452 Hæc
1696 2428 1825 2452 autem:
1834 2418 1877 2453 Et

976 2470 1161 2506 abſterſurus
1177 2469 1221 2504 eſt
1237 2479 1366 2503 omnem
1381 2467 1565 2511 lacrymam,
1576 2464 1644 2500 ſunt
1661 2466 1744 2512 apud
1752 2458 1875 2509 Eſaiam

976 2531 1002 2553 c.
1010 2521 1102 2553 XXV.
1127 2508 1242 2551 Perdet
1249 2514 1341 2549 etiam
1349 2522 1479 2548 mortem
1488 2514 1518 2547 in
1528 2522 1686 2548 æternum.
1733 2514 1876 2552 NE QUE

977 2582 1159 2612 LUCTUS,
1181 2580 1321 2613 NEQUE
1342 2570 1557 2613 CLAMOR.)
1590 2571 1638 2605 Ex
1652 2572 1729 2615 Eſai.
1744 2574 1837 2606 LXV.
1851 2585 1877 2606 c.

980 2632 1012 2654 v.
1021 2630 1055 2659 19.
1107 2621 1191 2665 Quia
1207 2620 1292 2654 enim
1313 2619 1455 2653 omnium
1473 2617 1662 2653 miſeriarum
1669 2612 1748 2663 finis
1760 2616 1876 2652 futurus

980 2665 1035 2718 eſt,
1046 2670 1136 2704 nullus
1146 2678 1249 2703 metus
1256 2670 1316 2703 erit
1333 2668 1480 2708 Diaboli,
1488 2667 1612 2707 mortis,
1621 2664 1746 2705 inferni,
1754 2665 1827 2709 quia
1835 2676 1876 2699 o-

981 2726 1071 2751 mnes
1088 2715 1192 2750 hoſtes
1207 2715 1259 2750 ſub
1270 2713 1369 2759 pedes
1384 2715 1553 2749 electorum
1569 2716 1796 2752 conterentur,
1804 2712 1879 2758 ideo

981 2767 1077 2800 etiam
1087 2766 1190 2799 omnis
1199 2766 1296 2800 luctus
1306 2767 1335 2797 &
1344 2774 1462 2800 mœror
1471 2764 1634 2809 ceſſabunt.
1663 2771 1793 2797 NOVA
1805 2771 1876 2795 FA-

981 2825 1050 2847 CIO
1074 2806 1258 2860 OMNIA.)
1282 2811 1418 2847 Abolitis
1425 2812 1539 2848 ſcilicet
1545 2809 1720 2856 prioribus,
1726 2818 1794 2854 quæ
1804 2819 1877 2852 per-

982 2864 1081 2897 mixta
1090 2872 1177 2895 erant
1194 2858 1337 2908 ærumnis,
1359 2865 1485 2907 mœrore,
1497 2859 1662 2895 doloribus.
1690 2861 1877 2902 SCRIBE.)

982 2917 1031 2952 Eo
1040 2916 1152 2950 ſcilicet
1159 2913 1240 2956 fine,
1247 2924 1284 2948 ut
1290 2912 1421 2948 Eccleſia
1430 2914 1545 2957 quovis
1553 2921 1697 2956 tempore
1705 2911 1788 2945 hanc
1793 2921 1877 2945 con-

983 2964 1166 3000 ſolationem
1176 2965 1216 2997 de
1225 2962 1386 3006 magnifica
1395 2960 1595 3007 promiſſione
1611 2973 1629 2995 e
1639 2961 1750 2996 tabulis
1760 2961 1878 3006 ſcriptis

984 3021 1142 3057 repetere,
1149 3011 1198 3044 illa
1206 3010 1348 3045 adverſus
1355 3010 1458 3043 omnis
1476 3008 1600 3051 generis
1610 3007 1839 3052 perſecutiones
1848 3012 1878 3043 &

984 3071 1133 3095 ærumnas
1149 3061 1200 3097 uti
1217 3057 1237 3104 &
1250 3061 1315 3096 frui
1330 3057 1430 3106 poſſit.
1487 3059 1598 3106 QUIA
1626 3068 1712 3092 HÆC
1742 3067 1878 3092 VERBA

987 3120 1163 3146 FIDELIA
1187 3112 1331 3152 SUNT.)
1356 3112 1400 3145 Ita
1417 3118 1546 3143 omnem
1559 3107 1787 3143 dubitationem
1796 3107 1878 3143 filius

986 3161 1051 3194 Dei
1068 3159 1107 3191 de
1116 3156 1301 3202 ampliſſimis
1314 3157 1360 3190 his
1369 3154 1523 3202 promiſſis
1539 3166 1581 3190 ex
1591 3154 1699 3188 animis
1709 3155 1876 3189 hominum

985 3208 1127 3242 eximere
1136 3209 1211 3242 vult.
1261 3207 1440 3242 FACTUM
1466 3205 1569 3248 EST.)
1592 3206 1632 3250 Q.
1645 3204 1674 3237 d.
1689 3203 1750 3244 jam
1759 3206 1877 3243 omnia,

986 3267 1056 3301 quæ
1062 3257 1226 3299 Prophetæ
1237 3260 1267 3290 &
1275 3257 1419 3301 Apoſtoli
1433 3256 1476 3289 de
1490 3264 1591 3299 regno
1599 3256 1711 3289 Chriſti
1724 3255 1877 3291 teſtificati

986 3303 1075 3343 ſunt,
1090 3301 1175 3334 ſuum
1192 3311 1338 3336 eventum
1354 3304 1383 3335 &
1397 3300 1664 3344 complementum
1679 3301 1783 3334 ſortita
1800 3303 1876 3335 ſunt.

983 3354 1071 3389 EGO
1099 3362 1179 3384 SUM
1201 3364 1225 3386 α
1242 3354 1271 3383 &
1291 3349 1346 3395 ω.)
1377 3352 1452 3386 Hæc
1469 3350 1563 3384 verba
1580 3349 1742 3383 continent
1764 3350 1877 3384 funda-

984 3411 1128 3435 mentum
1147 3403 1176 3433 &
1196 3400 1326 3436 cauſſam
1339 3400 1477 3434 veritatis
1500 3402 1529 3432 &
1546 3398 1740 3432 certitudinis
1763 3400 1873 3432 harum

982 3448 1231 3495 promiſſionum.
1278 3449 1407 3489 Isenim,
1415 3449 1468 3491 qui
1478 3448 1665 3492 principium
1675 3451 1703 3481 &
1714 3447 1783 3482 finis
1790 3450 1854 3496 eſt,
1861 3458 1879 3494 a

982 3510 1051 3544 quo
1059 3507 1208 3541 tanquam
1225 3498 1379 3541 principio
1394 3498 1497 3531 omnia
1513 3497 1593 3531 bona
1601 3495 1803 3540 dependent,
1811 3501 1828 3542 &
1840 3502 1875 3542 in

985 3557 1082 3593 quem
1100 3556 1247 3591 tanquam
1259 3547 1410 3581 ſummum
1420 3549 1450 3579 &
1465 3546 1612 3580 ultimum
1627 3546 1722 3579 finem
1732 3547 1875 3579 referun-

983 3608 1055 3636 tur,
1052 3599 1175 3639 horum
1190 3598 1407 3645 promiſſorum
1423 3596 1581 3632 bonorum
1596 3594 1837 3633 fundamentum
1846 3597 1875 3644 &

983 3651 1080 3686 cauſſa
1095 3650 1146 3685 eſt.

2030 515 2159 551 LOCI
2180 524 2491 561 COMMUNES
2515 522 2668 559 PART.
2690 524 2717 558 I.

2237 593 2363 626 CAP.
2412 594 2498 626 XXI.

2193 667 2259 693 EX
2282 666 2428 693 VERS.
2459 665 2484 693 I.
2515 663 2564 693 II.

2010 707 2064 733 De
2063 704 2129 744 fine
2135 703 2254 740 mundi,
2266 703 2309 732 de
2318 713 2387 744 quo
2399 702 2453 731 hic
2460 702 2623 740 Johannes
2632 699 2699 731 ait:
2723 699 2763 732 Et
2769 683 2831 741 vidi

1918 761 2038 798 cœlum
2048 772 2170 802 novum
2181 762 2211 795 &
2220 769 2338 795 terram
2345 769 2474 795 novam.
2523 760 2591 793 Hic
2600 767 2706 794 autem
2722 767 2832 804 move-

1917 822 1971 849 tur
1976 812 2118 860 quæſtio,
2127 822 2225 859 quam
2233 805 2330 847 etiam
2343 822 2435 858 præce
2448 810 2537 846 dente
2549 809 2654 856 capite
2660 803 2833 855 attigimus:

1917 863 1961 911 An
1977 866 2074 900 cœlum
2090 866 2108 899 &
2129 874 2218 899 terra
2224 863 2397 898 interitura
2411 860 2471 897 ſint
2487 859 2615 908 prorſus
2630 860 2751 896 ratione
2759 859 2832 905 ſub-

1910 912 2035 958 ſtantiæ
2043 911 2111 954 ſuæ,
2126 913 2140 947 &
2158 912 2218 947 illis
2233 910 2359 948 abolitis
2366 908 2531 945 Dominus
2549 916 2670 943 novum
2680 908 2832 952 cœlum
2808 902 2836 958 &

1918 978 2038 1002 novem
2045 974 2165 1003 terram
2175 974 2340 1001 creaturus
2355 965 2422 1001 ſit?
2443 966 2499 1000 An
2509 975 2590 998 vero
2597 964 2663 998 hoc
2678 962 2794 1000 cœlum
2802 966 2833 1001 &

1919 1020 1986 1055 hæc
1994 1029 2080 1054 terra
2091 1018 2232 1054 manſura
2245 1018 2304 1056 ſint
2319 1016 2493 1054 ſecundum
2509 1015 2707 1053 ſubſtantiam
2721 1017 2751 1049 &
2767 1023 2832 1057 tan-

1919 1081 1989 1105 tum
1998 1067 2178 1105 innovanda
2194 1069 2223 1103 &
2231 1064 2483 1112 perpurganda,
2493 1063 2769 1111 quemadmodum
2777 1063 2850 1101 au-

1918 1131 1994 1156 rum
2000 1121 2077 1165 igne
2083 1121 2260 1167 purgatur?
2282 1122 2364 1156 Sunt
2371 1120 2458 1153 enim
2470 1118 2528 1165 qui
2535 1117 2620 1152 hanc
2626 1116 2834 1168 poſteriorem

1918 1172 2104 1211 ſententiam
2120 1169 2369 1218 amplectuntur,
2385 1166 2404 1216 &
2423 1180 2488 1215 pro
2505 1168 2747 1205 confirmatione
2764 1165 2834 1214 ejus

1919 1222 2086 1258 adducunt
2095 1221 2241 1266 locum,
2221 1221 2248 1269 2.
2255 1225 2320 1258 Pet.
2329 1224 2388 1258 III.
2395 1234 2421 1256 v.
2433 1224 2463 1255 6.
2472 1220 2526 1256 ubi
2537 1218 2686 1264 legimus,
2694 1227 2779 1263 aqua
2785 1217 2832 1253 di-

1920 1271 1999 1306 luvii
2004 1267 2194 1304 inundatum
2202 1268 2358 1303 mundum
2364 1267 2502 1312 periiſſe,
2502 1265 2555 1311 ubi
2564 1276 2669 1302 tamen
2675 1268 2735 1311 ipſa
2744 1259 2833 1310 mun-

1920 1326 1953 1362 di
1962 1324 2126 1364 ſubſtantia
2134 1322 2367 1370 permanſerit:
2391 1323 2434 1358 ita
2449 1321 2546 1360 etiam
2565 1321 2597 1354 in
2609 1318 2773 1357 noviſſimo
2781 1312 2832 1358 die

1920 1372 2116 1410 ſubſtantiam
2124 1372 2237 1411 mundi
2247 1372 2421 1406 manſuram
2429 1379 2553 1415 putant.
2581 1369 2710 1406 Deinde
2720 1377 2832 1413 quem-

1920 1424 2096 1461 admodum
2105 1424 2256 1471 ſcriptura
2265 1423 2416 1465 teſtatur,
2426 1421 2545 1468 impios
2561 1421 2723 1466 perituros
2736 1422 2767 1455 in
2772 1430 2832 1460 no-

1920 1468 2038 1520 viſſimo
2056 1478 2126 1514 die,
2133 1483 2273 1518 quorum
2282 1482 2389 1507 tamen
2395 1471 2560 1507 ſubſtantia
2575 1482 2641 1505 non
2658 1471 2693 1505 in
2700 1470 2831 1509 nihilum

1920 1515 2118 1567 redigenda:
2144 1526 2186 1556 ita
2200 1522 2245 1555 illi
2259 1515 2415 1561 ſentiunt,
2432 1520 2588 1554 mundum
2607 1528 2704 1552 novas
2712 1527 2832 1555 tantum

1921 1576 2089 1623 qualitates
2099 1576 2298 1611 induturum.
2347 1575 2470 1612 Adhæc
2479 1582 2599 1620 urgent
2614 1572 2723 1608 locum
2739 1573 2831 1618 Bauli,

1920 1622 2007 1655 Rom.
2014 1612 2082 1653 lIX.
2096 1621 2150 1653 ubi
2164 1621 2343 1663 Apoſtolus
2352 1622 2412 1656 ait,
2421 1629 2599 1667 creaturam
2613 1622 2806 1671 liberandam
2806 1632 2835 1669 a

1906 1669 2064 1723 ſervitute
2077 1672 2329 1721 corruptionis.
2335 1672 2465 1720 Quod
2441 1672 2469 1720 ſi
2481 1682 2559 1706 vero
2569 1681 2714 1706 accurate
2730 1672 2832 1716 penſi-

1920 1736 2025 1761 temus
2032 1728 2111 1762 dicta
2127 1726 2306 1772 ſcripturæ,
2297 1723 2349 1769 in
2361 1724 2477 1770 quibus
2491 1724 2595 1769 agitur
2611 1724 2653 1758 de
2669 1723 2733 1758 fine
2741 1732 2833 1757 mun-

1920 1775 1966 1817 di,
1977 1773 2255 1810 animadvertimus
2264 1775 2314 1809 illa
2324 1774 2384 1808 eſſe
2392 1765 2484 1808 valde
2498 1773 2691 1815 emphatica,
2700 1781 2737 1803 ut
2743 1781 2833 1813 pror-

1918 1823 1968 1857 ſus
1977 1816 2146 1858 videantur
2159 1822 2251 1866 loqui
2264 1824 2306 1854 de
2318 1823 2495 1855 omnimoda
2503 1823 2615 1853 mundi
2619 1824 2713 1864 hujus
2717 1823 2833 1863 deſiru-

1915 1871 2028 1919 ctione.
2055 1876 2111 1910 Nam
2132 1872 2332 1921 præcedente
2340 1874 2444 1919 capite
2453 1873 2571 1911 dictum
2580 1873 2636 1916 eſt,
2643 1882 2657 1921 a
2661 1873 2751 1913 cujus
2759 1883 2834 1904 con-

1919 1924 2024 1970 ſpectu
2034 1924 2118 1969 fugit
2125 1934 2208 1961 terra
2216 1926 2244 1957 &
2252 1924 2393 1966 cœlum,
2402 1926 2432 1957 &
2448 1923 2537 1958 locus
2553 1933 2621 1956 non
2636 1923 2681 1956 eſt
2688 1926 2834 1957 inventus

1920 1976 1976 2009 eis.
2024 1978 2068 2010 Et
2079 1976 2133 2010 hic
2139 1974 2266 2019 dicitur,
2266 1976 2402 2018 primum
2410 1974 2519 2021 cœlum
2519 1974 2558 2020 &
2555 1974 2669 2016 prima
2676 1983 2767 2006 terra
2773 1974 2834 2006 ab-

1920 2028 1972 2068 iit,
1992 2026 2011 2061 &
2026 2037 2113 2061 mare
2128 2036 2188 2060 non
2203 2025 2244 2068 eſt
2253 2025 2416 2070 amplius:
2437 2024 2483 2063 Ita
2499 2023 2611 2069 Pſalm.
2629 2026 2689 2058 CII.
2710 2024 2835 2057 dicitur.

1921 2075 2010 2109 Ante
2026 2084 2141 2108 terram
2150 2073 2299 2115 fundaſti,
2316 2076 2345 2107 &
2356 2081 2439 2116 opus
2455 2081 2606 2105 manuum
2623 2082 2749 2105 tuarum
2765 2073 2835 2107 ſunt

1922 2125 2011 2167 cœli,
2017 2124 2075 2169 ipſi
2083 2125 2244 2170 peribunt,
2257 2127 2286 2159 &
2294 2134 2329 2159 tu
2336 2124 2437 2165 ſtabis,
2443 2124 2468 2172 &
2478 2125 2583 2157 omnia
2591 2123 2644 2157 iſta
2653 2123 2730 2158 ſicut
2738 2124 2835 2157 veſti-

1921 2185 2066 2209 mentum
2075 2174 2280 2214 veteraſcent,
2293 2171 2364 2220 velut
2377 2172 2506 2218 pallium
2516 2172 2650 2206 mutabis
2658 2174 2756 2212 eos,
2740 2174 2758 2218 &
2765 2182 2835 2206 mu-

1920 2220 2091 2255 tabuntur,
2099 2229 2135 2258 tu
2143 2229 2248 2253 autem
2258 2221 2342 2263 ipſe,
2352 2222 2411 2252 &c.
2419 2222 2537 2252 cœlum
2550 2223 2578 2250 &
2586 2228 2704 2251 terram
2719 2224 2833 2251 transi-

1921 2265 2011 2317 bunt,
2029 2272 2096 2303 Lucæ
2104 2272 2184 2305 XXI.
2206 2271 2303 2308 Item,
2310 2270 2385 2301 cœli
2394 2271 2539 2312 procellæ
2546 2271 2577 2300 in
2586 2272 2721 2301 modum
2730 2271 2834 2301 trans-

1919 2318 2023 2360 ibunt,
2030 2318 2190 2353 Elementa
2199 2324 2278 2351 vero
2285 2318 2439 2352 æſtuantia
2447 2319 2617 2356 ſolventur,
2631 2328 2783 2360 terraque
2790 2323 2833 2354 &,

1922 2380 1991 2415 quæ
1998 2371 2029 2403 in
2039 2381 2074 2404 ea
2085 2369 2162 2410 ſunt,
2178 2380 2261 2414 opera
2268 2378 2450 2404 exurentur.
2497 2370 2606 2413 Quare
2615 2372 2833 2413 quemadmo-

1921 2421 1998 2457 dum
2015 2421 2121 2455 omnia
2133 2419 2201 2457 ſunt
2217 2420 2346 2455 condita
2362 2429 2404 2454 ex
2412 2418 2531 2461 nihilo,
2539 2421 2581 2453 ita
2588 2422 2695 2453 omnia
2706 2423 2738 2451 in
2748 2422 2832 2452 nihi-

1920 2467 1989 2501 lum
1999 2459 2162 2503 redactum
2169 2468 2208 2501 iri
2216 2467 2345 2503 adducta
2353 2469 2434 2500 dicta
2442 2470 2576 2500 innuere
2584 2472 2743 2500 videntur.
2749 2473 2832 2510 Quis

1921 2519 2005 2553 enim
2015 2519 2089 2553 cœli
2108 2520 2138 2553 &
2154 2526 2245 2553 terræ
2257 2520 2466 2552 mutationem
2485 2522 2516 2549 in
2534 2522 2702 2551 meliorem
2716 2523 2831 2553 ſtatum

1919 2568 2082 2604 interitum
2097 2563 2299 2614 appellaret?
2327 2570 2391 2604 Sed
2408 2570 2539 2613 quæras,
2557 2573 2636 2610 quod
2659 2577 2739 2611 ergo
2757 2572 2830 2600 Ele-

1922 2619 2044 2654 ctorum
2057 2620 2118 2654 erit
2135 2619 2345 2656 habitaculum
2365 2620 2618 2662 ſempiternum?
2642 2624 2827 2662 Reſpondet

1921 2667 2052 2708 Petrus,
2077 2667 2280 2709 expectamus
2292 2677 2396 2707 cœlos
2410 2679 2515 2712 novos
2529 2673 2559 2715 &
2575 2679 2692 2717 terram
2709 2683 2827 2720 novam

1922 2713 2010 2756 juxta
2020 2708 2202 2760 promiſſum
2211 2718 2315 2760 ipſius,
2323 2719 2355 2748 in
2364 2720 2479 2759 quibus
2487 2720 2601 2756 juſtitia
2609 2724 2770 2750 inhahitat.
2785 2717 2826 2748 Et

1922 2770 2001 2813 Eſai.
2009 2773 2116 2803 LXVI.
2123 2769 2202 2804 ſicut
2210 2769 2284 2802 cœli
2293 2770 2367 2802 novi
2386 2772 2400 2801 &
2414 2777 2497 2801 terra
2505 2779 2607 2804 nova,
2621 2783 2689 2810 quæ
2696 2773 2777 2799 facio
2785 2783 2826 2799 e-

1923 2825 1988 2859 go,
2004 2813 2082 2849 ſtant
2096 2826 2207 2850 coram
2213 2833 2290 2860 me:
2307 2820 2351 2851 ita
2359 2819 2449 2849 ſtabit
2461 2822 2568 2849 ſemen
2577 2825 2714 2849 veſtrum
2725 2825 2755 2851 &
2762 2830 2822 2851 no-

1923 2873 1995 2898 men
2006 2864 2149 2900 veſtrum.
2196 2868 2287 2898 Intra
2301 2869 2357 2896 hos
2370 2879 2442 2906 ergo
2456 2872 2542 2895 cœlos
2555 2877 2651 2896 novos
2662 2873 2699 2896 &
2705 2874 2828 2894 terram

1922 2924 2032 2949 novam
2040 2913 2252 2949 introducetur
2250 2917 2360 2959 ſponſa
2383 2929 2562 2961 CHRISTI
2575 2924 2696 2951 ornata,
2718 2921 2735 2946 &
2753 2924 2821 2945 cum

1915 2952 2023 2997 ſponſo
2023 2959 2083 2997 ſuo
2091 2964 2218 2998 nuptias
2221 2968 2400 3018 celebrabit;
2400 2978 2463 3017 non
2473 2979 2564 3013 more
2570 2974 2749 3017 nuptiarum
2759 2977 2822 3014 ter-

1927 3012 2089 3052 renarum,
2098 3012 2153 3055 ubi
2167 3015 2272 3053 omnia
2285 3016 2353 3056 ſunt
2362 3019 2544 3064 tranſitoria,
2551 3021 2605 3061 ſed
2613 3034 2751 3061 nuptiale
2759 3021 2822 3062 hoc

1922 3060 2035 3100 feſtum
2044 3063 2104 3096 erit
2117 3062 2297 3097 ſabbathum
2308 3074 2349 3095 ex
2353 3067 2522 3115 ſabbatho,
2535 3072 2565 3091 in
2575 3081 2642 3102 quo
2649 3071 2752 3103 ſponſa
2760 3071 2821 3114 bo-

1923 3124 2038 3150 norum
2052 3117 2082 3148 &
2096 3115 2285 3159 gaudiorum
2294 3116 2393 3161 ſponſi
2400 3117 2441 3148 ſui
2451 3122 2608 3158 particeps
2617 3115 2777 3155 reddetur.

2125 3177 2196 3212 EX
2212 3178 2349 3214 VERS.
2372 3179 2423 3213 Ill.
2445 3178 2500 3213 IV.
2527 3193 2545 3203 -
2574 3177 2689 3213 VI.

2007 3213 2129 3251 Inſigne
2136 3210 2348 3242 teſtimonium
2358 3216 2397 3239 de
2405 3218 2511 3251 cœleſti
2530 3219 2544 3239 &
2559 3219 2674 3263 æterna
2678 3219 2823 3249 felicita-

1921 3268 1954 3292 te
1966 3260 2088 3303 piorum
2110 3272 2156 3296 IN
2176 3269 2273 3293 VITA
2299 3271 2495 3293 ÆTERNA.
2541 3270 2667 3303 Quanta
2682 3272 2775 3296 vero,
2792 3268 2825 3292 &

1921 3309 2022 3352 qualis
2030 3310 2094 3343 hæc
2101 3311 2163 3345 erit
2169 3309 2322 3345 felicitas?
2340 3314 2423 3343 Ecce
2431 3318 2667 3342 tabernaculum
2676 3319 2739 3340 Dei
2748 3325 2823 3340 cum

1920 3356 2115 3402 hominibus,
2126 3359 2145 3406 &
2165 3357 2316 3392 habitabit
2330 3359 2403 3391 cum
2419 3367 2475 3397 eis,
2494 3368 2509 3389 &
2523 3368 2579 3398 ipſi
2589 3369 2703 3399 populi
2710 3367 2779 3409 ejus
2779 3373 2838 3408 e-

1915 3414 2037 3452 runt,
2018 3407 2037 3452 &
2059 3414 2121 3458 ipſe
2128 3414 2218 3448 Deus
2234 3422 2307 3448 cum
2324 3412 2369 3445 eis
2380 3414 2441 3445 erit
2467 3416 2569 3460 eorum
2591 3416 2711 3459 Deus.
2724 3411 2825 3456 Quod

1921 3458 2000 3501 quid
2009 3460 2091 3493 aliud
2100 3459 2155 3501 eſt,
2166 3464 2258 3503 quam
2266 3457 2484 3498 jucundiſſima
2499 3465 2698 3493 conſvetudo
2707 3458 2824 3492 ſancto-

1920 3518 1991 3543 rum
2009 3519 2082 3543 cum
2090 3508 2176 3552 Deo,
2186 3509 2241 3552 qui
2259 3510 2302 3542 eſt
2314 3510 2468 3543 ſummum
2480 3515 2599 3542 bonum
2610 3518 2640 3541 &
2655 3514 2825 3551 plenitudo

1917 3551 2130 3594 gaudiorum.
2165 3557 2228 3586 Sed
2238 3558 2334 3592 dicas,
2343 3571 2435 3602 atqui
2438 3563 2490 3601 hic
2498 3566 2581 3601 Deus
2591 3567 2689 3606 etiam
2694 3565 2829 3600 habitat

1918 3617 1987 3638 cum
1993 3606 2118 3650 ſanctis,
2126 3606 2212 3648 juxta
2223 3607 2298 3640 illud
2306 3610 2419 3651 Johan.
2429 3613 2510 3640 XIV.
2518 3613 2607 3647 pater
2616 3621 2705 3638 meus
2719 3615 2747 3636 &
2757 3621 2825 3651 ego

1917 3651 2090 3692 veniemus,
2100 3655 2128 3686 &
2138 3653 2324 3685 manſionem
2335 3668 2408 3700 cum
2416 3661 2482 3693 ipſo
2497 3661 2662 3692 faciemus,
2671 3664 2701 3682 &
2709 3663 2824 3701 dicun-

1916 3712 1969 3740 tur
1980 3702 2093 3740 fideles
2105 3703 2223 3748 templa
2230 3704 2365 3747 Spiritus
2379 3709 2470 3737 ſancti
2485 3713 2507 3736 1.
2521 3713 2590 3737 Cor.
2598 3712 2682 3739 XVI.
2727 3709 2824 3744 Reſp.
