<?xml version='1.0' encoding='utf-8'?>
<PcGts xmlns="http://schema.primaresearch.org/PAGE/gts/pagecontent/2019-07-15" xmlns:xsi="http://www.w3.org/2001/XMLSchema-instance" pcGtsId="PAGE_01" xsi:schemaLocation="http://schema.primaresearch.org/PAGE/gts/pagecontent/2019-07-15 http://schema.primaresearch.org/PAGE/gts/pagecontent/2019-07-15/pagecontent.xsd">
  <Metadata>
    <Creator>OCR-D DFG Phase III</Creator>
    <Created>2024-01-19T13:09:41Z</Created>
    <LastChange>2024-01-19T13:09:41Z</LastChange>
    <Comments>ODEM: OCR-D extension for mass digitization (2021-2024)</Comments>
  </Metadata>
  <Page imageFilename="MAX/urn+nbn+de+gbv+3+1-738546-p0130-7_lat.png" imageWidth="1934" imageHeight="2853" type="content" primaryLanguage="Latin">
    <Border>
      <Coords points="329,220 349,2703 1862,2702 1859,240"/>
    </Border>
    <ReadingOrder>
      <OrderedGroup id="ro_1669369430255" caption="Regions reading order">
        <RegionRefIndexed index="0" regionRef="region0014"/>
      </OrderedGroup>
    </ReadingOrder>
    <TextRegion orientation="-0.37911844" readingDirection="left-to-right" id="region0014" custom="readingOrder {index:0;}">
      <Coords points="641,443 1813,443 1813,2501 641,2501"/>
      <TextLine id="region0014_line0001" custom="readingOrder {index:0;}">
        <Coords points="1060,444 1051,455 1013,455 1006,446 996,446 990,450 985,445 970,445 964,453 934,452 930,444 913,444 907,451 867,452 811,451 806,443 791,443 787,451 738,448 704,450 702,444 641,443 642,486 1476,502 1562,505 1592,510 1596,513 1649,506 1813,510 1813,470 1742,469 1740,462 1734,456 1726,456 1718,460 1714,466 1668,466 1666,459 1661,455 1602,456 1597,458 1593,465 1543,464 1532,463 1525,453 1511,454 1505,463 1501,463 1494,453 1480,454 1474,463 1456,463 1455,454 1450,449 1392,449 1386,459 1316,458 1310,450 1292,453 1279,449 1271,457 1241,458 1240,451 1235,446 1202,446 1196,456 1117,455 1113,446 1099,445 1092,449 1090,456 1081,456 1076,445"/>
        <Baseline points="642,477 1813,500"/>
        <Word id="region0014_line0001_word0000" custom="readingOrder {index:0;}">
          <Coords points="687,449 687,481 854,482 854,452 811,451 810,450 788,450 787,451 762,449 718,449 704,450 704,449"/>
          <TextEquiv conf="0.8746826">
            <Unicode>botomiam</Unicode>
          </TextEquiv>
        </Word>
        <Word id="region0014_line0001_word0001" custom="readingOrder {index:1;}">
          <Coords points="871,458 903,458 903,481 871,481"/>
          <TextEquiv conf="0.88997453">
            <Unicode>et</Unicode>
          </TextEquiv>
        </Word>
        <Word id="region0014_line0001_word0002" custom="readingOrder {index:2;}">
          <Coords points="917,450 917,482 1041,483 1041,455 1013,455 1009,450 965,450 964,453 934,452 933,450"/>
          <TextEquiv conf="0.8968068">
            <Unicode>bechica</Unicode>
          </TextEquiv>
        </Word>
        <Word id="region0014_line0001_word0003" custom="readingOrder {index:3;}">
          <Coords points="1057,450 1057,482 1197,483 1197,454 1196,456 1117,455 1114,450 1091,450 1090,456 1081,456 1078,450"/>
          <TextEquiv conf="0.91302216">
            <Unicode>ſudorem</Unicode>
          </TextEquiv>
        </Word>
        <Word id="region0014_line0001_word0004" custom="readingOrder {index:4;}">
          <Coords points="1211,452 1211,484 1364,485 1364,458 1316,458 1311,452 1294,452 1292,453 1290,452 1275,452 1271,457 1241,458 1240,452"/>
          <TextEquiv>
            <Unicode>foetidum</Unicode>
          </TextEquiv>
        </Word>
        <Word id="region0014_line0001_word0005" custom="readingOrder {index:5;}">
          <Coords points="1390,452 1387,457 1387,493 1607,495 1607,455 1602,456 1597,458 1593,465 1543,464 1532,463 1525,453 1521,453 1511,454 1505,463 1501,463 1494,453 1480,454 1474,463 1456,463 1455,454 1453,452"/>
          <TextEquiv>
            <Unicode>effundebant,</Unicode>
          </TextEquiv>
        </Word>
        <Word id="region0014_line0001_word0006" custom="readingOrder {index:6;}">
          <Coords points="1628,488 1795,489 1795,469 1742,469 1740,462 1734,456 1726,456 1718,460 1714,466 1668,466 1666,459 1661,455 1628,455"/>
          <TextEquiv conf="0.36694393">
            <Unicode>liberaban-</Unicode>
          </TextEquiv>
        </Word>
        <TextEquiv>
          <Unicode>botomiam et bechica ſudorem foetidum effundebant, liberaban-</Unicode>
        </TextEquiv>
      </TextLine>
      <TextLine id="region0014_line0002" custom="readingOrder {index:1;}">
        <Coords points="1105,495 1097,501 1094,508 1011,507 1007,500 994,498 981,497 973,506 938,506 931,496 920,496 913,505 905,496 894,496 888,504 868,504 860,495 850,496 844,505 818,504 812,495 801,495 793,504 696,500 642,500 641,541 718,542 732,550 767,551 795,550 807,543 1333,551 1342,542 1343,517 1338,512 1202,508 1196,498 1182,498 1176,508 1125,508 1120,497"/>
        <Baseline points="641,531 752,539 821,533 1342,542"/>
        <Word id="region0014_line0002_word0000" custom="readingOrder {index:0;}">
          <Coords points="686,504 755,504 754,536 685,536"/>
          <TextEquiv conf="0.90881014">
            <Unicode>tur;</Unicode>
          </TextEquiv>
        </Word>
        <Word id="region0014_line0002_word0001" custom="readingOrder {index:1;}">
          <Coords points="798,498 793,504 781,503 781,539 904,540 905,499 891,498 888,504 868,504 863,498 848,498 844,505 818,504 814,498"/>
          <TextEquiv conf="0.90688896">
            <Unicode>plurimi</Unicode>
          </TextEquiv>
        </Word>
        <Word id="region0014_line0002_word0002" custom="readingOrder {index:2;}">
          <Coords points="921,500 920,531 1022,532 1022,507 1011,507 1007,500 977,500 973,506 938,506 933,500"/>
          <TextEquiv conf="0.91416353">
            <Unicode>inedia</Unicode>
          </TextEquiv>
        </Word>
        <Word id="region0014_line0002_word0003" custom="readingOrder {index:3;}">
          <Coords points="1099,499 1097,501 1094,508 1040,507 1040,533 1303,535 1303,510 1202,508 1197,500 1180,500 1176,508 1125,508 1121,499"/>
          <TextEquiv conf="0.8810681">
            <Unicode>conſumebantur.</Unicode>
          </TextEquiv>
        </Word>
        <TextEquiv conf="0.9027327">
          <Unicode>tur; plurimi inedia conſumebantur.</Unicode>
        </TextEquiv>
      </TextLine>
      <TextLine id="region0014_line0003" custom="readingOrder {index:2;}">
        <Coords points="872,546 865,548 861,557 828,556 820,549 811,548 795,551 742,552 739,556 739,582 750,594 774,596 888,595 968,598 1183,600 1222,603 1227,609 1244,610 1257,604 1393,604 1399,614 1417,614 1424,604 1429,604 1431,612 1437,617 1450,612 1456,606 1623,610 1634,619 1646,619 1653,610 1754,613 1772,615 1780,619 1813,617 1812,576 1772,574 1765,564 1743,565 1737,569 1731,562 1721,562 1715,564 1711,571 1613,568 1525,569 1523,561 1517,556 1505,556 1499,560 1477,558 1471,560 1467,567 1270,563 1263,554 1253,554 1245,562 1166,558 1085,559 1083,552 1076,547 1060,550 1055,559 994,559 988,550 975,550 968,557 952,557 944,548 935,548 927,556 888,556 884,547"/>
        <Baseline points="741,584 1676,600 1813,608"/>
        <Word id="region0014_line0003_word0000" custom="readingOrder {index:0;}">
          <Coords points="792,552 792,587 945,588 945,553 930,552 927,556 888,556 886,552 863,552 861,557 828,556 823,552"/>
          <TextEquiv conf="0.8868087">
            <Unicode>Condomi</Unicode>
          </TextEquiv>
        </Word>
        <Word id="region0014_line0003_word0001" custom="readingOrder {index:1;}">
          <Coords points="972,552 968,557 960,557 960,588 1090,589 1090,558 1085,559 1083,552 1058,552 1055,559 994,559 989,552"/>
          <TextEquiv>
            <Unicode>vlceroſa</Unicode>
          </TextEquiv>
        </Word>
        <Word id="region0014_line0003_word0002" custom="readingOrder {index:2;}">
          <Coords points="1105,561 1169,562 1169,586 1105,585"/>
          <TextEquiv conf="0.9181447">
            <Unicode>erat</Unicode>
          </TextEquiv>
        </Word>
        <Word id="region0014_line0003_word0003" custom="readingOrder {index:3;}">
          <Coords points="1251,555 1245,562 1192,559 1192,597 1305,598 1305,563 1270,563 1264,555"/>
          <TextEquiv conf="0.9240686">
            <Unicode>angina</Unicode>
          </TextEquiv>
        </Word>
        <Word id="region0014_line0003_word0004" custom="readingOrder {index:4;}">
          <Coords points="1319,565 1319,587 1389,587 1389,565 1368,565"/>
          <TextEquiv conf="0.92716974">
            <Unicode>cum</Unicode>
          </TextEquiv>
        </Word>
        <Word id="region0014_line0003_word0005" custom="readingOrder {index:5;}">
          <Coords points="1403,599 1562,600 1562,568 1525,569 1523,561 1517,556 1505,556 1499,560 1477,558 1471,560 1467,567 1403,565"/>
          <TextEquiv conf="0.89785326">
            <Unicode>ptyaliſmo</Unicode>
          </TextEquiv>
        </Word>
        <Word id="region0014_line0003_word0006" custom="readingOrder {index:6;}">
          <Coords points="1585,589 1616,590 1616,568 1613,568 1585,568"/>
          <TextEquiv conf="0.90529215">
            <Unicode>et</Unicode>
          </TextEquiv>
        </Word>
        <Word id="region0014_line0003_word0007" custom="readingOrder {index:7;}">
          <Coords points="1632,601 1797,602 1797,575 1772,574 1765,564 1743,565 1737,569 1731,562 1721,562 1715,564 1711,571 1632,568"/>
          <TextEquiv conf="0.82884955">
            <Unicode>petechiis;</Unicode>
          </TextEquiv>
        </Word>
        <TextEquiv>
          <Unicode>Condomi vlceroſa erat angina cum ptyaliſmo et petechiis;</Unicode>
        </TextEquiv>
      </TextLine>
      <TextLine id="region0014_line0004" custom="readingOrder {index:3;}">
        <Coords points="910,597 893,600 889,608 869,609 787,608 780,598 766,598 760,608 726,608 718,599 699,597 687,603 685,612 642,612 642,646 764,649 880,647 929,649 937,658 953,658 960,650 1071,651 1085,652 1088,656 1102,656 1109,652 1131,650 1255,655 1324,654 1343,655 1352,659 1376,656 1528,659 1545,660 1552,670 1568,669 1575,660 1813,666 1813,618 1780,620 1772,616 1759,616 1712,623 1642,623 1635,622 1624,612 1614,612 1604,622 1545,621 1469,619 1457,611 1452,611 1441,618 1340,617 1333,608 1310,607 1303,617 1299,617 1292,607 1280,607 1275,615 1266,605 1257,605 1245,611 1186,613 1172,612 1164,602 1154,603 1147,612 1002,610 957,612 953,598"/>
        <Baseline points="642,636 1813,656"/>
        <Word id="region0014_line0004_word0000" custom="readingOrder {index:0;}">
          <Coords points="690,601 687,603 686,607 686,635 849,636 849,608 787,608 782,601 763,601 760,608 726,608 719,601"/>
          <TextEquiv conf="0.9153177">
            <Unicode>diarrhoea</Unicode>
          </TextEquiv>
        </Word>
        <Word id="region0014_line0004_word0001" custom="readingOrder {index:1;}">
          <Coords points="863,633 911,633 911,603 891,603 889,608 869,609 863,608"/>
          <TextEquiv conf="0.929208">
            <Unicode>vel</Unicode>
          </TextEquiv>
        </Word>
        <Word id="region0014_line0004_word0002" custom="readingOrder {index:2;}">
          <Coords points="927,602 927,645 1102,646 1102,611 1002,610 957,612 954,602"/>
          <TextEquiv conf="0.8991495">
            <Unicode>ſpontanea,</Unicode>
          </TextEquiv>
        </Word>
        <Word id="region0014_line0004_word0003" custom="readingOrder {index:3;}">
          <Coords points="1117,635 1166,636 1166,605 1152,604 1147,612 1117,611"/>
          <TextEquiv conf="0.9229584">
            <Unicode>vel</Unicode>
          </TextEquiv>
        </Word>
        <Word id="region0014_line0004_word0004" custom="readingOrder {index:4;}">
          <Coords points="1254,606 1245,611 1186,613 1185,612 1185,645 1357,646 1357,617 1340,617 1333,608 1310,607 1303,617 1299,617 1292,607 1280,607 1275,615 1267,606"/>
          <TextEquiv conf="0.8744332">
            <Unicode>artificialis,</Unicode>
          </TextEquiv>
        </Word>
        <Word id="region0014_line0004_word0005" custom="readingOrder {index:5;}">
          <Coords points="1378,638 1410,638 1410,617 1378,617"/>
          <TextEquiv conf="0.9214177">
            <Unicode>et</Unicode>
          </TextEquiv>
        </Word>
        <Word id="region0014_line0004_word0006" custom="readingOrder {index:6;}">
          <Coords points="1425,637 1541,638 1541,620 1469,619 1457,611 1452,611 1441,618 1425,617"/>
          <TextEquiv conf="0.8910685">
            <Unicode>nitrum</Unicode>
          </TextEquiv>
        </Word>
        <Word id="region0014_line0004_word0007" custom="readingOrder {index:7;}">
          <Coords points="1553,650 1706,651 1706,623 1642,623 1635,622 1624,612 1614,612 1604,622 1553,621"/>
          <TextEquiv>
            <Unicode>ꝑrofuere.</Unicode>
          </TextEquiv>
        </Word>
        <Word id="region0014_line0004_word0008" custom="readingOrder {index:8;}">
          <Coords points="1744,643 1798,643 1798,618 1780,620 1772,616 1759,616 1744,618"/>
          <TextEquiv>
            <Unicode>Af-</Unicode>
          </TextEquiv>
        </Word>
        <TextEquiv>
          <Unicode>diarrhoea vel ſpontanea, vel artificialis, et nitrum ꝑrofuere. Af-</Unicode>
        </TextEquiv>
      </TextLine>
      <TextLine id="region0014_line0005" custom="readingOrder {index:4;}">
        <Coords points="669,649 642,652 641,700 859,700 861,707 867,711 879,710 886,701 917,701 1088,703 1103,704 1114,713 1129,713 1140,706 1158,704 1277,705 1279,713 1283,717 1299,714 1313,717 1347,715 1353,710 1376,709 1467,711 1475,720 1489,719 1495,712 1812,718 1812,677 1766,677 1763,667 1664,666 1653,669 1629,667 1621,674 1613,675 1602,675 1598,667 1588,666 1576,674 1563,674 1457,671 1450,662 1437,663 1430,669 1396,670 1394,661 1388,657 1352,660 1343,656 1324,655 1288,657 1286,669 1253,668 1245,667 1243,659 1239,656 1221,655 1196,656 1182,664 1120,663 1115,656 1105,655 1087,657 1083,664 986,664 982,655 967,653 960,663 941,663 835,659 750,660 743,651 733,651 725,661 718,661 716,653 712,650"/>
        <Baseline points="641,690 1812,708"/>
        <Word id="region0014_line0005_word0000" custom="readingOrder {index:0;}">
          <Coords points="685,659 684,693 756,693 756,659 750,660 749,659 726,659 725,661 718,661 717,659"/>
          <TextEquiv conf="0.89590895">
            <Unicode>finis</Unicode>
          </TextEquiv>
        </Word>
        <Word id="region0014_line0005_word0001" custom="readingOrder {index:1;}">
          <Coords points="773,666 837,667 836,691 772,690"/>
          <TextEquiv conf="0.89590895">
            <Unicode>erat</Unicode>
          </TextEquiv>
        </Word>
        <Word id="region0014_line0005_word0002" custom="readingOrder {index:2;}">
          <Coords points="962,660 960,663 941,663 852,660 851,700 859,700 859,701 886,701 886,701 917,701 980,702 1026,702 1027,664 986,664 984,660"/>
          <TextEquiv conf="0.2093982">
            <Unicode>cynanchae</Unicode>
          </TextEquiv>
        </Word>
        <Word id="region0014_line0005_word0003" custom="readingOrder {index:3;}">
          <Coords points="1085,660 1083,664 1039,664 1039,702 1192,703 1193,661 1187,660 1182,664 1120,663 1118,660"/>
          <TextEquiv conf="0.9208259">
            <Unicode>malignae</Unicode>
          </TextEquiv>
        </Word>
        <Word id="region0014_line0005_word0004" custom="readingOrder {index:4;} textStyle {offset:0; length:10;italic:true; fontSize:0.0; kerning:0;}">
          <Coords points="1203,656 1202,704 1347,705 1347,658 1345,656 1294,656 1288,657 1286,669 1253,668 1245,667 1243,659 1239,656"/>
          <TextEquiv>
            <Unicode>Strauſſii,</Unicode>
          </TextEquiv>
        </Word>
        <Word id="region0014_line0005_word0005" custom="readingOrder {index:5;}">
          <Coords points="1371,661 1370,695 1422,695 1422,669 1396,670 1394,661"/>
          <TextEquiv conf="0.924657">
            <Unicode>ſeu</Unicode>
          </TextEquiv>
        </Word>
        <Word id="region0014_line0005_word0006" custom="readingOrder {index:6;}">
          <Coords points="1439,664 1438,704 1547,704 1547,673 1457,671 1451,664"/>
          <TextEquiv conf="0.9081146">
            <Unicode>laqueo</Unicode>
          </TextEquiv>
        </Word>
        <Word id="region0014_line0005_word0007" custom="readingOrder {index:7;} textStyle {offset:0; length:6;italic:true; fontSize:0.0; kerning:0;}">
          <Coords points="1565,695 1656,696 1656,667 1653,669 1629,667 1621,674 1613,675 1602,675 1598,667 1588,666 1576,674 1565,674"/>
          <TextEquiv>
            <Unicode>Aëtii.</Unicode>
          </TextEquiv>
        </Word>
        <Word id="region0014_line0005_word0008" custom="readingOrder {index:8;}">
          <Coords points="1683,699 1797,700 1797,677 1766,677 1763,667 1683,666"/>
          <TextEquiv conf="0.63888454">
            <Unicode>Differt</Unicode>
          </TextEquiv>
        </Word>
        <TextEquiv>
          <Unicode>finis erat cynanchae malignae Strauſſii, ſeu laqueo Aëtii. Differt</Unicode>
        </TextEquiv>
      </TextLine>
      <TextLine id="region0014_line0006" custom="readingOrder {index:5;}">
        <Coords points="782,700 772,712 726,712 700,703 641,702 642,750 781,752 788,761 805,760 811,752 937,754 944,764 961,763 967,755 995,756 1001,764 1017,764 1024,756 1065,756 1074,757 1079,762 1088,762 1094,757 1114,757 1129,762 1142,756 1157,755 1242,759 1533,764 1540,765 1545,773 1564,770 1569,766 1619,766 1813,771 1812,728 1765,729 1757,720 1744,720 1733,729 1688,729 1681,720 1670,720 1663,728 1609,727 1603,719 1592,719 1587,723 1581,716 1567,717 1561,725 1469,724 1462,715 1451,715 1445,723 1439,723 1430,721 1423,713 1412,713 1406,720 1330,721 1314,720 1310,716 1299,715 1289,720 1270,720 1205,717 1200,715 1197,708 1183,706 1175,716 945,716 868,714 856,704 845,705 839,713 803,713 798,701"/>
        <Baseline points="642,741 1813,761"/>
        <Word id="region0014_line0006_word0000" custom="readingOrder {index:0;}">
          <Coords points="685,707 685,738 765,738 765,712 726,712 711,707"/>
          <TextEquiv>
            <Unicode>haec</Unicode>
          </TextEquiv>
        </Word>
        <Word id="region0014_line0006_word0001" custom="readingOrder {index:1;}">
          <Coords points="779,703 779,704 779,747 890,748 890,715 868,714 856,704 845,705 839,713 803,713 799,703"/>
          <TextEquiv conf="0.90183014">
            <Unicode>ſpecies</Unicode>
          </TextEquiv>
        </Word>
        <Word id="region0014_line0006_word0002" custom="readingOrder {index:2;}">
          <Coords points="918,717 924,717 924,736 918,736"/>
          <TextEquiv conf="0.90183014">
            <Unicode>a</Unicode>
          </TextEquiv>
        </Word>
        <Word id="region0014_line0006_word0003" custom="readingOrder {index:3;}">
          <Coords points="946,716 1089,717 1089,748 946,747"/>
          <TextEquiv conf="0.9149327">
            <Unicode>purpura,</Unicode>
          </TextEquiv>
        </Word>
        <Word id="region0014_line0006_word0004" custom="readingOrder {index:4;}">
          <Coords points="1114,746 1196,747 1196,707 1183,706 1175,716 1114,716"/>
          <TextEquiv conf="0.9069291">
            <Unicode>quod</Unicode>
          </TextEquiv>
        </Word>
        <Word id="region0014_line0006_word0005" custom="readingOrder {index:5;}">
          <Coords points="1210,740 1345,741 1345,720 1330,721 1314,720 1310,716 1299,715 1289,720 1270,720 1210,717"/>
          <TextEquiv conf="0.8795651">
            <Unicode>maculae</Unicode>
          </TextEquiv>
        </Word>
        <Word id="region0014_line0006_word0006" custom="readingOrder {index:6;}">
          <Coords points="1361,741 1437,742 1437,722 1430,721 1423,713 1412,713 1406,720 1361,720"/>
          <TextEquiv conf="0.6185388">
            <Unicode>cutis</Unicode>
          </TextEquiv>
        </Word>
        <Word id="region0014_line0006_word0007" custom="readingOrder {index:7;}">
          <Coords points="1453,742 1484,742 1484,724 1469,724 1462,715 1453,715"/>
          <TextEquiv conf="0.8905487">
            <Unicode>in</Unicode>
          </TextEquiv>
        </Word>
        <Word id="region0014_line0006_word0008" custom="readingOrder {index:8;}">
          <Coords points="1500,752 1722,753 1722,729 1688,729 1681,720 1670,720 1663,728 1609,727 1603,719 1592,719 1587,723 1581,716 1567,717 1561,725 1500,724"/>
          <TextEquiv conf="0.8944252">
            <Unicode>amphimerina</Unicode>
          </TextEquiv>
        </Word>
        <Word id="region0014_line0006_word0009" custom="readingOrder {index:9;}">
          <Coords points="1736,745 1796,746 1796,728 1765,729 1757,720 1744,720 1736,726"/>
          <TextEquiv conf="0.8952949">
            <Unicode>ſint</Unicode>
          </TextEquiv>
        </Word>
        <TextEquiv>
          <Unicode>haec ſpecies a purpura, quod maculae cutis in amphimerina ſint</Unicode>
        </TextEquiv>
      </TextLine>
      <TextLine id="region0014_line0007" custom="readingOrder {index:6;}">
        <Coords points="761,754 753,757 738,755 731,763 642,763 642,801 841,805 883,808 888,812 939,807 953,809 966,818 980,817 989,811 1003,809 1104,806 1185,807 1236,811 1456,813 1543,818 1620,817 1622,824 1626,828 1642,828 1649,818 1749,821 1790,819 1795,814 1795,788 1790,783 1613,779 1607,772 1600,770 1567,769 1539,777 1532,767 1434,765 1420,773 1381,773 1377,764 1364,763 1359,765 1354,773 1299,773 1286,772 1280,762 1258,763 1251,770 1210,769 1205,761 1193,759 1187,763 1185,769 1164,769 1157,760 1140,759 1127,763 1114,758 1103,758 1098,760 1093,768 1054,768 1048,760 1036,760 1030,769 1000,769 995,762 982,760 975,768 954,768 861,765 855,757 844,757 835,765 777,764 771,755"/>
        <Baseline points="642,792 1795,809"/>
        <Word id="region0014_line0007_word0000" custom="readingOrder {index:0;}">
          <Coords points="733,760 731,763 686,763 686,798 899,799 899,766 861,765 857,760 839,760 835,765 777,764 774,760"/>
          <TextEquiv>
            <Unicode>accidentales,</Unicode>
          </TextEquiv>
        </Word>
        <Word id="region0014_line0007_word0001" custom="readingOrder {index:1;}">
          <Coords points="979,762 975,768 954,768 928,767 928,804 1048,805 1048,763 1034,762 1030,769 1000,769 995,762"/>
          <TextEquiv conf="0.8894617">
            <Unicode>regioni</Unicode>
          </TextEquiv>
        </Word>
        <Word id="region0014_line0007_word0002" custom="readingOrder {index:2;}">
          <Coords points="1096,763 1093,768 1069,768 1069,794 1204,795 1204,764 1186,763 1185,769 1164,769 1159,763"/>
          <TextEquiv conf="0.76482236">
            <Unicode>calidiori</Unicode>
          </TextEquiv>
        </Word>
        <Word id="region0014_line0007_word0003" custom="readingOrder {index:3;}">
          <Coords points="1257,764 1251,770 1231,770 1231,796 1421,797 1421,772 1420,773 1381,773 1377,765 1360,765 1359,765 1354,773 1299,773 1286,772 1281,764"/>
          <TextEquiv conf="0.7124256">
            <Unicode>tribuendae.</Unicode>
          </TextEquiv>
        </Word>
        <Word id="region0014_line0007_word0004" custom="readingOrder {index:4;}">
          <Coords points="1473,767 1473,799 1553,799 1553,773 1539,777 1532,767"/>
          <TextEquiv conf="0.8943913">
            <Unicode>Vide</Unicode>
          </TextEquiv>
        </Word>
        <Word id="region0014_line0007_word0005" custom="readingOrder {index:5;} textStyle {offset:0; length:9;italic:true; fontSize:0.0; kerning:0;}">
          <Coords points="1569,807 1747,809 1747,782 1613,779 1607,772 1600,770 1569,769"/>
          <TextEquiv conf="0.83559805">
            <Unicode>Purpuram.</Unicode>
          </TextEquiv>
        </Word>
        <TextEquiv>
          <Unicode>accidentales, regioni calidiori tribuendae. Vide Purpuram.</Unicode>
        </TextEquiv>
      </TextLine>
      <TextLine id="region0014_line0008" custom="readingOrder {index:7;}">
        <Coords points="1104,807 1100,808 1093,818 1083,817 1076,810 1063,810 1056,820 994,821 944,820 936,810 924,811 919,819 837,818 833,811 826,808 747,810 739,812 736,816 735,841 746,855 784,857 1163,858 1224,861 1233,863 1236,868 1258,869 1266,868 1269,864 1291,864 1391,865 1403,873 1418,869 1421,865 1478,866 1661,871 1667,872 1674,880 1690,880 1698,872 1767,874 1812,871 1812,837 1738,834 1731,825 1721,825 1715,831 1710,823 1697,823 1689,832 1545,829 1538,820 1529,820 1520,828 1376,826 1375,818 1370,814 1355,814 1346,825 1250,823 1244,814 1230,812 1218,813 1211,820 1119,820 1116,808"/>
        <Baseline points="739,846 1812,862"/>
        <Word id="region0014_line0008_word0000" custom="readingOrder {index:0;}">
          <Coords points="792,812 791,843 936,844 937,813 922,812 919,819 837,818 833,812"/>
          <TextEquiv conf="0.90289426">
            <Unicode>Germani</Unicode>
          </TextEquiv>
        </Word>
        <Word id="region0014_line0008_word0001" custom="readingOrder {index:1;} textStyle {offset:0; length:11;italic:true; fontSize:0.0; kerning:0;}">
          <Coords points="1098,809 1093,818 1083,817 1076,810 1063,810 1056,820 994,821 958,820 958,844 1148,846 1148,820 1119,820 1116,809"/>
          <TextEquiv>
            <Unicode>catarrhalem</Unicode>
          </TextEquiv>
        </Word>
        <Word id="region0014_line0008_word0002" custom="readingOrder {index:2;}">
          <Coords points="1217,813 1211,820 1170,820 1170,857 1335,858 1335,824 1250,823 1244,814 1239,813"/>
          <TextEquiv conf="0.701785">
            <Unicode>malignam</Unicode>
          </TextEquiv>
        </Word>
        <Word id="region0014_line0008_word0003" custom="readingOrder {index:3;}">
          <Coords points="1351,855 1439,856 1439,826 1376,826 1375,818 1370,814 1355,814 1351,817"/>
          <TextEquiv conf="0.912851">
            <Unicode>ſaepe</Unicode>
          </TextEquiv>
        </Word>
        <Word id="region0014_line0008_word0004" custom="readingOrder {index:4;}">
          <Coords points="1454,846 1615,847 1615,830 1545,829 1538,820 1529,820 1520,828 1454,827"/>
          <TextEquiv conf="0.89504987">
            <Unicode>nominant</Unicode>
          </TextEquiv>
        </Word>
        <Word id="region0014_line0008_word0005" custom="readingOrder {index:5;}">
          <Coords points="1629,857 1795,858 1795,836 1738,834 1731,825 1721,825 1715,831 1710,823 1697,823 1689,832 1629,830"/>
          <TextEquiv conf="0.89340836">
            <Unicode>amphime-</Unicode>
          </TextEquiv>
        </Word>
        <TextEquiv>
          <Unicode>Germani catarrhalem malignam ſaepe nominant amphime-</Unicode>
        </TextEquiv>
      </TextLine>
      <TextLine id="region0014_line0009" custom="readingOrder {index:8;}">
        <Coords points="699,858 692,868 641,867 642,907 762,908 779,910 794,916 801,912 824,913 852,910 889,910 894,914 908,915 918,910 1195,910 1246,914 1446,918 1448,924 1455,929 1466,928 1474,917 1499,919 1506,928 1523,928 1530,920 1596,922 1612,925 1619,930 1653,928 1669,924 1813,925 1813,886 1469,879 1462,867 1448,868 1438,879 1428,878 1421,869 1403,874 1392,867 1383,869 1379,876 1297,876 1278,869 1118,871 1110,862 1101,862 1089,872 1084,872 1077,863 1066,863 1059,871 851,871 845,863 833,862 826,870 822,870 717,868 711,859"/>
        <Baseline points="642,897 1201,900 1636,916 1813,915"/>
        <Word id="region0014_line0009_word0000" custom="readingOrder {index:0;}">
          <Coords points="695,863 692,868 682,867 682,903 799,903 799,869 717,868 713,863"/>
          <TextEquiv conf="0.8199373">
            <Unicode>rinam,</Unicode>
          </TextEquiv>
        </Word>
        <Word id="region0014_line0009_word0001" custom="readingOrder {index:1;}">
          <Coords points="834,865 834,895 867,895 867,871 851,871 846,865"/>
          <TextEquiv conf="0.83462334">
            <Unicode>in</Unicode>
          </TextEquiv>
        </Word>
        <Word id="region0014_line0009_word0002" custom="readingOrder {index:2;}">
          <Coords points="891,875 950,875 950,905 891,905"/>
          <TextEquiv conf="0.89120597">
            <Unicode>qua</Unicode>
          </TextEquiv>
        </Word>
        <Word id="region0014_line0009_word0003" custom="readingOrder {index:3;}">
          <Coords points="973,873 1013,874 1013,896 973,895"/>
          <TextEquiv conf="0.88157165">
            <Unicode>ne</Unicode>
          </TextEquiv>
        </Word>
        <Word id="region0014_line0009_word0004" custom="readingOrder {index:4;}">
          <Coords points="1063,866 1059,871 1034,871 1034,897 1198,898 1198,870 1118,871 1113,866 1095,866 1089,872 1084,872 1079,866"/>
          <TextEquiv conf="0.9073629">
            <Unicode>minimum</Unicode>
          </TextEquiv>
        </Word>
        <Word id="region0014_line0009_word0005" custom="readingOrder {index:5;}">
          <Coords points="1220,899 1262,899 1262,869 1220,869"/>
          <TextEquiv conf="0.912262">
            <Unicode>eſt</Unicode>
          </TextEquiv>
        </Word>
        <Word id="region0014_line0009_word0006" custom="readingOrder {index:6;}">
          <Coords points="1387,868 1383,869 1379,876 1297,876 1292,874 1292,900 1421,900 1421,869 1403,874 1393,868"/>
          <TextEquiv conf="0.89820254">
            <Unicode>catarrhi</Unicode>
          </TextEquiv>
        </Word>
        <Word id="region0014_line0009_word0007" custom="readingOrder {index:7;}">
          <Coords points="1443,911 1631,912 1631,882 1469,879 1462,867 1448,868 1443,873"/>
          <TextEquiv conf="0.8750611">
            <Unicode>ſymptoma,</Unicode>
          </TextEquiv>
        </Word>
        <Word id="region0014_line0009_word0008" custom="readingOrder {index:8;}">
          <Coords points="1666,901 1794,902 1794,885 1666,883"/>
          <TextEquiv conf="0.8823474">
            <Unicode>notante</Unicode>
          </TextEquiv>
        </Word>
        <TextEquiv conf="0.8780638">
          <Unicode>rinam, in qua ne minimum eſt catarrhi ſymptoma, notante</Unicode>
        </TextEquiv>
      </TextLine>
      <TextLine id="region0014_line0010" custom="readingOrder {index:9;}">
        <Coords points="642,909 642,960 740,958 822,960 852,965 896,962 1197,962 1246,966 1256,974 1265,974 1274,968 1300,968 1306,977 1358,977 1366,968 1427,970 1440,974 1444,979 1492,971 1608,974 1609,982 1614,986 1624,985 1630,975 1634,975 1640,983 1657,983 1663,976 1723,977 1730,978 1739,988 1753,987 1761,979 1812,978 1813,940 1777,939 1770,930 1758,931 1753,939 1746,939 1739,930 1729,929 1721,937 1699,937 1690,928 1678,928 1672,936 1502,932 1492,921 1479,921 1473,925 1471,931 1383,929 1376,919 1362,920 1356,929 1350,929 1348,923 1342,919 1330,921 1326,928 1296,928 1269,923 1263,918 1254,918 1245,924 1210,923 1201,914 1190,915 1185,923 1104,924 1091,924 1089,917 1082,913 1003,913 997,915 992,923 987,924 937,921 932,915 921,912 908,916 894,915 890,912 861,912 855,922 828,922 821,914 801,913 793,917 791,922 789,916 779,911 770,912 766,921 734,921 732,914 727,910"/>
        <Baseline points="642,950 1196,952 1318,962 1813,968"/>
        <Word id="region0014_line0010_word0000" custom="readingOrder {index:0;} textStyle {offset:0; length:10;italic:true; fontSize:0.0; kerning:0;}">
          <Coords points="681,919 681,955 856,956 856,920 855,922 828,922 826,919 791,919 791,922 790,919 766,919 766,921 734,921 733,919"/>
          <TextEquiv conf="0.9079182">
            <Unicode>Brendelio;</Unicode>
          </TextEquiv>
        </Word>
        <Word id="region0014_line0010_word0001" custom="readingOrder {index:1;}">
          <Coords points="891,918 891,951 998,952 998,919 994,918 992,923 987,924 937,921 934,918"/>
          <TextEquiv conf="0.89935076">
            <Unicode>ſaltem</Unicode>
          </TextEquiv>
        </Word>
        <Word id="region0014_line0010_word0002" custom="readingOrder {index:2;}">
          <Coords points="1020,920 1020,951 1114,951 1114,923 1104,924 1091,924 1089,920"/>
          <TextEquiv conf="0.8376898">
            <Unicode>ſtillae</Unicode>
          </TextEquiv>
        </Word>
        <Word id="region0014_line0010_word0003" custom="readingOrder {index:3;}">
          <Coords points="1186,920 1185,923 1139,923 1139,961 1268,961 1268,922 1265,920 1251,920 1245,924 1210,923 1207,920"/>
          <TextEquiv conf="0.8218818">
            <Unicode>narium,</Unicode>
          </TextEquiv>
        </Word>
        <Word id="region0014_line0010_word0004" custom="readingOrder {index:4;}">
          <Coords points="1334,920 1330,921 1326,928 1296,928 1295,927 1295,962 1457,963 1457,930 1383,929 1377,920 1361,920 1356,929 1350,929 1348,923 1343,920"/>
          <TextEquiv conf="0.80392057">
            <Unicode>epiphora,</Unicode>
          </TextEquiv>
        </Word>
        <Word id="region0014_line0010_word0005" custom="readingOrder {index:5;}">
          <Coords points="1481,921 1481,954 1588,955 1588,934 1502,932 1492,921"/>
          <TextEquiv conf="0.84297204">
            <Unicode>horror</Unicode>
          </TextEquiv>
        </Word>
        <Word id="region0014_line0010_word0006" custom="readingOrder {index:6;}">
          <Coords points="1611,966 1629,966 1629,934 1611,934"/>
          <TextEquiv conf="0.84297204">
            <Unicode>a</Unicode>
          </TextEquiv>
        </Word>
        <Word id="region0014_line0010_word0007" custom="readingOrder {index:7;}">
          <Coords points="1644,965 1792,966 1792,939 1777,939 1770,930 1758,931 1753,939 1746,939 1739,930 1729,929 1721,937 1699,937 1690,928 1678,928 1672,936 1644,935"/>
          <TextEquiv conf="0.90724444">
            <Unicode>principio</Unicode>
          </TextEquiv>
        </Word>
        <TextEquiv conf="0.8579937">
          <Unicode>Brendelio; ſaltem ſtillae narium, epiphora, horror a principio</Unicode>
        </TextEquiv>
      </TextLine>
      <TextLine id="region0014_line0011" custom="readingOrder {index:10;}">
        <Coords points="776,961 771,963 765,972 719,972 712,963 690,963 683,967 680,974 641,974 641,1010 795,1012 805,1013 813,1022 821,1022 832,1020 839,1013 996,1015 1008,1004 1008,978 1004,973 905,974 901,965 887,964 881,968 878,974 794,974 791,963"/>
        <Baseline points="641,1001 1007,1005"/>
        <Word id="region0014_line0011_word0000" custom="readingOrder {index:0;}">
          <Coords points="685,966 683,967 680,974 680,974 679,1000 800,1000 801,974 794,974 792,966 769,966 765,972 719,972 714,966"/>
          <TextEquiv conf="0.89808214">
            <Unicode>diuerſo</Unicode>
          </TextEquiv>
        </Word>
        <Word id="region0014_line0011_word0001" custom="readingOrder {index:1;}">
          <Coords points="880,968 878,974 815,974 815,1010 963,1011 963,973 905,974 902,968"/>
          <TextEquiv conf="0.87774116">
            <Unicode>pendent.</Unicode>
          </TextEquiv>
        </Word>
        <TextEquiv conf="0.8879116">
          <Unicode>diuerſo pendent.</Unicode>
        </TextEquiv>
      </TextLine>
      <TextLine id="region0014_line0012" custom="readingOrder {index:11;}">
        <Coords points="865,1015 859,1025 813,1023 803,1018 793,1018 789,1021 743,1021 738,1026 738,1061 743,1066 838,1065 844,1073 862,1071 868,1064 1103,1066 1121,1068 1129,1076 1145,1077 1159,1067 1198,1068 1207,1074 1218,1074 1223,1070 1347,1071 1405,1075 1486,1076 1490,1084 1499,1086 1512,1084 1516,1077 1530,1077 1538,1088 1552,1086 1557,1078 1592,1082 1605,1087 1611,1082 1634,1081 1813,1083 1813,1043 1654,1041 1653,1032 1648,1027 1613,1027 1605,1031 1603,1041 1588,1041 1534,1038 1532,1031 1527,1027 1515,1028 1507,1037 1466,1037 1432,1034 1425,1026 1414,1026 1407,1033 1252,1030 1135,1027 1128,1018 1105,1018 1097,1027 987,1026 980,1018 968,1017 961,1025 908,1025 901,1016 892,1016 885,1023 878,1015"/>
        <Baseline points="738,1056 1198,1057 1813,1073"/>
        <Word id="region0014_line0012_word0000" custom="readingOrder {index:0;}">
          <Coords points="790,1020 789,1021 783,1021 783,1061 1040,1063 1040,1026 987,1026 983,1021 964,1021 961,1025 908,1025 904,1020 887,1020 885,1023 883,1020 861,1020 859,1025 813,1023 807,1020"/>
          <TextEquiv conf="0.8284925">
            <Unicode>Amphimerinae</Unicode>
          </TextEquiv>
        </Word>
        <Word id="region0014_line0012_word0001" custom="readingOrder {index:1;}">
          <Coords points="1101,1022 1097,1027 1055,1026 1055,1063 1218,1064 1218,1029 1135,1027 1131,1022"/>
          <TextEquiv conf="0.86167616">
            <Unicode>malignae,</Unicode>
          </TextEquiv>
        </Word>
        <Word id="region0014_line0012_word0002" custom="readingOrder {index:2;}">
          <Coords points="1238,1033 1298,1034 1298,1056 1238,1055"/>
          <TextEquiv conf="0.9014821">
            <Unicode>nec</Unicode>
          </TextEquiv>
        </Word>
        <Word id="region0014_line0012_word0003" custom="readingOrder {index:3;}">
          <Coords points="1313,1033 1376,1033 1376,1054 1313,1054"/>
          <TextEquiv conf="0.9186879">
            <Unicode>non</Unicode>
          </TextEquiv>
        </Word>
        <Word id="region0014_line0012_word0004" custom="readingOrder {index:4;}">
          <Coords points="1386,1066 1606,1068 1606,1030 1605,1031 1603,1041 1588,1041 1534,1038 1532,1031 1527,1027 1515,1028 1507,1037 1466,1037 1432,1034 1425,1026 1414,1026 1407,1033 1386,1032"/>
          <TextEquiv conf="0.49773902">
            <Unicode>tritaeophyae,</Unicode>
          </TextEquiv>
        </Word>
        <Word id="region0014_line0012_word0005" custom="readingOrder {index:5;}">
          <Coords points="1627,1057 1696,1057 1696,1041 1654,1041 1653,1032 1648,1027 1627,1027"/>
          <TextEquiv conf="0.9091818">
            <Unicode>ſunt</Unicode>
          </TextEquiv>
        </Word>
        <Word id="region0014_line0012_word0006" custom="readingOrder {index:6;}">
          <Coords points="1712,1058 1790,1059 1790,1042 1712,1041"/>
          <TextEquiv conf="0.9079273">
            <Unicode>mor-</Unicode>
          </TextEquiv>
        </Word>
        <TextEquiv conf="0.83216953">
          <Unicode>Amphimerinae malignae, nec non tritaeophyae, ſunt mor-</Unicode>
        </TextEquiv>
      </TextLine>
      <TextLine id="region0014_line0013" custom="readingOrder {index:12;}">
        <Coords points="681,1065 642,1065 642,1114 691,1115 707,1119 756,1115 762,1122 779,1122 786,1114 869,1114 1074,1117 1104,1119 1113,1124 1166,1118 1210,1119 1236,1125 1240,1125 1245,1120 1334,1121 1398,1123 1405,1132 1410,1133 1471,1127 1634,1134 1691,1132 1725,1134 1730,1141 1738,1144 1750,1143 1755,1135 1812,1132 1813,1100 1784,1096 1668,1093 1660,1084 1650,1084 1642,1092 1630,1092 1626,1083 1611,1083 1605,1088 1585,1083 1577,1090 1539,1090 1530,1081 1519,1083 1515,1089 1376,1084 1369,1075 1357,1075 1351,1083 1276,1082 1269,1073 1258,1073 1251,1081 1230,1081 1207,1080 1203,1071 1198,1069 1187,1070 1180,1080 1175,1080 1172,1071 1167,1068 1155,1069 1144,1080 1120,1078 1114,1070 1104,1070 1096,1078 993,1078 986,1070 975,1069 969,1077 960,1077 953,1068 942,1068 935,1076 834,1076 828,1066 813,1067 807,1075 717,1076 710,1067"/>
        <Baseline points="642,1104 1187,1108 1813,1123"/>
        <Word id="region0014_line0013_word0000" custom="readingOrder {index:0;}">
          <Coords points="677,1070 677,1109 721,1110 721,1075 717,1076 712,1070"/>
          <TextEquiv conf="0.9077954">
            <Unicode>bi,</Unicode>
          </TextEquiv>
        </Word>
        <Word id="region0014_line0013_word0001" custom="readingOrder {index:1;}">
          <Coords points="748,1110 829,1111 829,1072 809,1071 807,1075 748,1075"/>
          <TextEquiv conf="0.8062059">
            <Unicode>apud</Unicode>
          </TextEquiv>
        </Word>
        <Word id="region0014_line0013_word0002" custom="readingOrder {index:2;}">
          <Coords points="840,1080 895,1080 895,1102 840,1102"/>
          <TextEquiv conf="0.8941604">
            <Unicode>nos</Unicode>
          </TextEquiv>
        </Word>
        <Word id="region0014_line0013_word0003" custom="readingOrder {index:3;}">
          <Coords points="937,1073 935,1076 911,1076 911,1103 1039,1104 1039,1078 993,1078 989,1073 971,1073 969,1077 960,1077 957,1073"/>
          <TextEquiv conf="0.883931">
            <Unicode>minime</Unicode>
          </TextEquiv>
        </Word>
        <Word id="region0014_line0013_word0004" custom="readingOrder {index:4;}">
          <Coords points="1099,1075 1096,1078 1055,1078 1055,1111 1124,1111 1124,1078 1120,1078 1117,1075"/>
          <TextEquiv conf="0.8897135">
            <Unicode>rari,</Unicode>
          </TextEquiv>
        </Word>
        <Word id="region0014_line0013_word0005" custom="readingOrder {index:5;}">
          <Coords points="1153,1071 1150,1074 1150,1104 1202,1104 1202,1071 1186,1071 1180,1080 1175,1080 1172,1071"/>
          <TextEquiv conf="0.90323794">
            <Unicode>ſed</Unicode>
          </TextEquiv>
        </Word>
        <Word id="region0014_line0013_word0006" custom="readingOrder {index:6;}">
          <Coords points="1256,1075 1251,1081 1230,1081 1218,1080 1218,1113 1271,1113 1271,1076 1271,1075"/>
          <TextEquiv conf="0.84357035">
            <Unicode>qui</Unicode>
          </TextEquiv>
        </Word>
        <Word id="region0014_line0013_word0007" custom="readingOrder {index:7;}">
          <Coords points="1357,1075 1351,1083 1285,1082 1285,1105 1411,1105 1411,1085 1376,1084 1369,1075"/>
          <TextEquiv conf="0.8843769">
            <Unicode>nomine</Unicode>
          </TextEquiv>
        </Word>
        <Word id="region0014_line0013_word0008" custom="readingOrder {index:8;}">
          <Coords points="1425,1116 1569,1117 1569,1090 1539,1090 1530,1081 1519,1083 1515,1089 1425,1085"/>
          <TextEquiv conf="0.87529266">
            <Unicode>generico</Unicode>
          </TextEquiv>
        </Word>
        <Word id="region0014_line0013_word0009" custom="readingOrder {index:9;}">
          <Coords points="1581,1111 1715,1112 1715,1094 1668,1093 1660,1084 1650,1084 1642,1092 1630,1092 1626,1083 1611,1083 1605,1088 1585,1083 1581,1086"/>
          <TextEquiv conf="0.901508">
            <Unicode>ſebrium</Unicode>
          </TextEquiv>
        </Word>
        <Word id="region0014_line0013_word0010" custom="readingOrder {index:10;}">
          <Coords points="1736,1119 1790,1119 1790,1096 1784,1096 1736,1094"/>
          <TextEquiv conf="0.80445296">
            <Unicode>pu-</Unicode>
          </TextEquiv>
        </Word>
        <TextEquiv conf="0.87220407">
          <Unicode>bi, apud nos minime rari, ſed qui nomine generico ſebrium pu-</Unicode>
        </TextEquiv>
      </TextLine>
      <TextLine id="region0014_line0014" custom="readingOrder {index:13;}">
        <Coords points="727,1118 723,1121 706,1120 701,1127 641,1125 641,1164 799,1165 822,1167 827,1172 875,1166 947,1166 992,1170 998,1176 1021,1177 1028,1171 1052,1168 1125,1170 1132,1178 1140,1178 1148,1171 1180,1170 1343,1173 1372,1175 1393,1180 1487,1176 1544,1179 1553,1188 1575,1188 1582,1181 1655,1182 1676,1188 1708,1186 1714,1193 1728,1193 1736,1186 1813,1185 1812,1148 1629,1144 1627,1137 1622,1133 1612,1133 1606,1137 1593,1134 1585,1143 1578,1142 1556,1141 1554,1135 1546,1130 1532,1130 1522,1138 1468,1138 1466,1131 1460,1129 1422,1134 1300,1133 1294,1124 1281,1124 1273,1132 1260,1132 1242,1131 1240,1126 1219,1123 1212,1130 1197,1131 1007,1129 1001,1121 978,1120 970,1128 832,1128 746,1126 742,1118"/>
        <Baseline points="641,1154 1813,1174"/>
        <Word id="word_1658131100307_2765" custom="readingOrder {index:0;}">
          <Coords points="678,1126 703,1124 740,1124 838,1136 838,1163 763,1162 678,1154"/>
          <TextEquiv>
            <Unicode>tridarum,</Unicode>
          </TextEquiv>
        </Word>
        <Word id="region0014_line0014_word0002" custom="readingOrder {index:1;}">
          <Coords points="863,1132 914,1132 914,1154 863,1154"/>
          <TextEquiv conf="0.90904534">
            <Unicode>aut</Unicode>
          </TextEquiv>
        </Word>
        <Word id="region0014_line0014_word0003" custom="readingOrder {index:2;}">
          <Coords points="972,1125 970,1128 930,1128 930,1166 947,1166 949,1166 1142,1168 1142,1130 1007,1129 1004,1125"/>
          <TextEquiv conf="0.9138173">
            <Unicode>malignarum,</Unicode>
          </TextEquiv>
        </Word>
        <Word id="region0014_line0014_word0004" custom="readingOrder {index:3;}">
          <Coords points="1215,1126 1212,1130 1197,1131 1158,1130 1158,1165 1405,1166 1405,1133 1300,1133 1295,1126 1278,1126 1273,1132 1260,1132 1242,1131 1240,1126"/>
          <TextEquiv conf="0.8757637">
            <Unicode>confunduntur;</Unicode>
          </TextEquiv>
        </Word>
        <Word id="region0014_line0014_word0005" custom="readingOrder {index:4;}">
          <Coords points="1427,1159 1499,1160 1499,1138 1468,1138 1466,1131 1460,1129 1427,1133"/>
          <TextEquiv conf="0.83202153">
            <Unicode>illae</Unicode>
          </TextEquiv>
        </Word>
        <Word id="region0014_line0014_word0006" custom="readingOrder {index:5;}">
          <Coords points="1525,1169 1684,1170 1684,1145 1629,1144 1627,1137 1622,1133 1612,1133 1606,1137 1593,1134 1585,1143 1578,1142 1556,1141 1554,1135 1546,1130 1532,1130 1525,1135"/>
          <TextEquiv conf="0.5361397">
            <Unicode>ſiquidem,</Unicode>
          </TextEquiv>
        </Word>
        <Word id="region0014_line0014_word0007" custom="readingOrder {index:6;}">
          <Coords points="1709,1169 1789,1170 1789,1147 1709,1145"/>
          <TextEquiv conf="0.9163015">
            <Unicode>quae</Unicode>
          </TextEquiv>
        </Word>
        <TextEquiv>
          <Unicode>tridarum, aut malignarum, confunduntur; illae ſiquidem, quae</Unicode>
        </TextEquiv>
      </TextLine>
      <TextLine id="region0014_line0015" custom="readingOrder {index:14;}">
        <Coords points="698,1169 693,1171 689,1178 642,1179 642,1217 1260,1224 1286,1227 1296,1234 1305,1234 1312,1228 1373,1226 1450,1230 1457,1240 1494,1240 1499,1238 1503,1231 1520,1232 1526,1238 1536,1238 1543,1233 1562,1232 1689,1235 1705,1237 1711,1243 1720,1243 1727,1238 1813,1238 1813,1199 1783,1198 1776,1189 1766,1189 1759,1194 1754,1189 1741,1188 1733,1194 1709,1195 1693,1187 1668,1187 1662,1192 1655,1193 1635,1193 1629,1186 1619,1186 1612,1193 1472,1190 1464,1180 1453,1181 1447,1189 1202,1184 1200,1177 1195,1173 1180,1175 1175,1184 1136,1185 1023,1181 1017,1176 1000,1176 997,1181 992,1181 988,1174 975,1171 961,1171 954,1181 882,1178 797,1178 790,1169 778,1170 773,1178 719,1178 714,1177 708,1169"/>
        <Baseline points="642,1208 1813,1228"/>
        <Word id="region0014_line0015_word0000" custom="readingOrder {index:0;}">
          <Coords points="690,1175 689,1178 678,1178 678,1207 805,1207 805,1178 797,1178 794,1175 774,1175 773,1178 719,1178 714,1177 712,1175"/>
          <TextEquiv conf="0.9178387">
            <Unicode>alternis</Unicode>
          </TextEquiv>
        </Word>
        <Word id="region0014_line0015_word0001" custom="readingOrder {index:1;}">
          <Coords points="820,1183 938,1184 938,1208 820,1207"/>
          <TextEquiv conf="0.9059069">
            <Unicode>tantum</Unicode>
          </TextEquiv>
        </Word>
        <Word id="region0014_line0015_word0002" custom="readingOrder {index:2;}">
          <Coords points="957,1176 955,1179 955,1207 1062,1208 1062,1182 1023,1181 1017,1176 999,1176 997,1181 992,1181 989,1176"/>
          <TextEquiv conf="0.89057845">
            <Unicode>diebus</Unicode>
          </TextEquiv>
        </Word>
        <Word id="region0014_line0015_word0003" custom="readingOrder {index:3;}">
          <Coords points="1179,1175 1175,1184 1136,1185 1078,1182 1078,1217 1306,1219 1306,1186 1202,1184 1200,1177 1198,1176"/>
          <TextEquiv conf="0.90519875">
            <Unicode>exacerbantur,</Unicode>
          </TextEquiv>
        </Word>
        <Word id="region0014_line0015_word0004" custom="readingOrder {index:4;}">
          <Coords points="1329,1188 1398,1188 1398,1209 1329,1209"/>
          <TextEquiv conf="0.86802626">
            <Unicode>cum</Unicode>
          </TextEquiv>
        </Word>
        <Word id="region0014_line0015_word0005" custom="readingOrder {index:5;}">
          <Coords points="1415,1220 1537,1221 1537,1191 1472,1190 1464,1180 1453,1181 1447,1189 1415,1188"/>
          <TextEquiv conf="0.9054321">
            <Unicode>exiguo,</Unicode>
          </TextEquiv>
        </Word>
        <Word id="region0014_line0015_word0006" custom="readingOrder {index:6;}">
          <Coords points="1559,1210 1611,1211 1611,1192 1559,1191"/>
          <TextEquiv conf="0.9054321">
            <Unicode>aut</Unicode>
          </TextEquiv>
        </Word>
        <Word id="region0014_line0015_word0007" custom="readingOrder {index:7;}">
          <Coords points="1622,1222 1721,1222 1721,1194 1709,1195 1693,1187 1668,1187 1662,1192 1655,1193 1635,1193 1629,1186 1622,1186"/>
          <TextEquiv conf="0.90700114">
            <Unicode>nullo,</Unicode>
          </TextEquiv>
        </Word>
        <Word id="region0014_line0015_word0008" custom="readingOrder {index:8;}">
          <Coords points="1736,1215 1787,1215 1787,1198 1783,1198 1776,1189 1766,1189 1759,1194 1754,1189 1741,1188 1736,1191"/>
          <TextEquiv conf="0.915956">
            <Unicode>fri-</Unicode>
          </TextEquiv>
        </Word>
        <TextEquiv conf="0.9023745">
          <Unicode>alternis tantum diebus exacerbantur, cum exiguo, aut nullo, fri-</Unicode>
        </TextEquiv>
      </TextLine>
      <TextLine id="region0014_line0016" custom="readingOrder {index:15;}">
        <Coords points="1147,1224 1140,1225 1137,1229 1126,1227 1121,1231 1115,1226 1100,1227 1094,1236 980,1235 974,1226 962,1226 955,1234 948,1225 938,1225 931,1234 923,1235 915,1225 905,1225 897,1234 846,1232 642,1233 641,1280 714,1278 724,1273 736,1272 744,1273 750,1280 759,1282 789,1282 796,1273 1075,1276 1129,1279 1135,1286 1144,1286 1152,1280 1180,1278 1327,1279 1339,1280 1342,1287 1358,1287 1367,1284 1369,1280 1382,1280 1385,1285 1397,1292 1403,1291 1410,1281 1450,1288 1464,1285 1489,1287 1495,1293 1511,1292 1517,1285 1649,1287 1688,1290 1694,1299 1711,1296 1723,1300 1750,1293 1774,1292 1782,1285 1788,1285 1794,1292 1812,1292 1813,1252 1781,1252 1776,1244 1762,1241 1752,1241 1743,1250 1692,1249 1690,1241 1683,1237 1670,1237 1658,1248 1386,1240 1379,1230 1367,1230 1359,1240 1285,1239 1279,1230 1267,1230 1261,1237 1189,1238 1186,1225"/>
        <Baseline points="642,1270 723,1263 885,1264 1812,1282"/>
        <Word id="region0014_line0016_word0000" custom="readingOrder {index:0;}">
          <Coords points="677,1234 764,1235 764,1267 677,1266"/>
          <TextEquiv conf="0.90892404">
            <Unicode>gore,</Unicode>
          </TextEquiv>
        </Word>
        <Word id="region0014_line0016_word0001" custom="readingOrder {index:1;}">
          <Coords points="774,1236 893,1237 893,1270 774,1269"/>
          <TextEquiv conf="0.7911293">
            <Unicode>praeter</Unicode>
          </TextEquiv>
        </Word>
        <Word id="region0014_line0016_word0002" custom="readingOrder {index:2;}">
          <Coords points="906,1230 906,1261 1028,1262 1028,1235 980,1235 977,1230 958,1230 955,1234 952,1230 933,1230 931,1234 923,1235 919,1230"/>
          <TextEquiv conf="0.53893316">
            <Unicode>initium</Unicode>
          </TextEquiv>
        </Word>
        <Word id="region0014_line0016_word0003" custom="readingOrder {index:3;}">
          <Coords points="1098,1231 1094,1236 1037,1236 1037,1272 1147,1273 1147,1231 1121,1231 1121,1231 1121,1231"/>
          <TextEquiv conf="0.911453">
            <Unicode>morbi,</Unicode>
          </TextEquiv>
        </Word>
        <Word id="region0014_line0016_word0004" custom="readingOrder {index:4;}">
          <Coords points="1163,1229 1163,1263 1232,1263 1232,1237 1189,1238 1186,1229"/>
          <TextEquiv conf="0.8964566">
            <Unicode>ſunt</Unicode>
          </TextEquiv>
        </Word>
        <Word id="region0014_line0016_word0005" custom="readingOrder {index:5;}">
          <Coords points="1366,1230 1359,1240 1285,1239 1279,1230 1267,1230 1261,1237 1241,1237 1241,1274 1466,1276 1466,1242 1386,1240 1379,1230"/>
          <TextEquiv conf="0.49848473">
            <Unicode>tritaeophyae;</Unicode>
          </TextEquiv>
        </Word>
        <Word id="region0014_line0016_word0006" custom="readingOrder {index:6;}">
          <Coords points="1491,1274 1570,1274 1570,1245 1491,1243"/>
          <TextEquiv conf="0.85795">
            <Unicode>quae</Unicode>
          </TextEquiv>
        </Word>
        <Word id="region0014_line0016_word0007" custom="readingOrder {index:7;}">
          <Coords points="1577,1265 1648,1266 1648,1247 1577,1245"/>
          <TextEquiv conf="0.9221285">
            <Unicode>vero</Unicode>
          </TextEquiv>
        </Word>
        <Word id="region0014_line0016_word0008" custom="readingOrder {index:8;}">
          <Coords points="1663,1278 1787,1279 1787,1252 1781,1252 1776,1244 1762,1241 1752,1241 1743,1250 1692,1249 1690,1241 1683,1237 1670,1237 1663,1242"/>
          <TextEquiv conf="0.92583156">
            <Unicode>ſingulis</Unicode>
          </TextEquiv>
        </Word>
        <TextEquiv conf="0.805699">
          <Unicode>gore, praeter initium morbi, ſunt tritaeophyae; quae vero ſingulis</Unicode>
        </TextEquiv>
      </TextLine>
      <TextLine id="region0014_line0017" custom="readingOrder {index:16;}">
        <Coords points="729,1275 724,1277 720,1284 715,1284 713,1279 705,1278 684,1280 680,1285 641,1286 641,1322 1027,1328 1033,1337 1054,1334 1057,1329 1122,1329 1125,1335 1134,1341 1142,1340 1149,1330 1175,1330 1574,1338 1580,1345 1603,1346 1606,1340 1660,1340 1750,1344 1771,1347 1778,1351 1813,1350 1812,1304 1791,1304 1794,1293 1788,1286 1782,1286 1774,1293 1776,1304 1724,1303 1718,1298 1711,1297 1700,1302 1647,1301 1638,1291 1629,1291 1623,1297 1617,1290 1603,1291 1598,1300 1478,1297 1476,1290 1469,1286 1451,1289 1447,1296 1398,1295 1383,1284 1342,1288 1339,1293 1321,1293 1319,1286 1314,1282 1298,1282 1287,1292 1281,1283 1269,1282 1261,1288 1254,1280 1241,1280 1231,1292 1214,1292 1206,1282 1194,1284 1190,1291 1178,1291 1173,1281 1158,1280 1151,1284 1147,1292 1124,1292 925,1287 918,1277 905,1278 899,1286 886,1287 787,1286 746,1284 741,1276"/>
        <Baseline points="641,1312 1667,1330 1813,1340"/>
        <Word id="region0014_line0017_word0000" custom="readingOrder {index:0;}">
          <Coords points="682,1282 680,1285 677,1285 677,1314 784,1314 784,1285 746,1284 744,1282 721,1282 720,1284 715,1284 714,1282"/>
          <TextEquiv conf="0.86889243">
            <Unicode>diebus</Unicode>
          </TextEquiv>
        </Word>
        <Word id="region0014_line0017_word0001" custom="readingOrder {index:1;}">
          <Coords points="902,1281 899,1286 886,1287 801,1286 801,1313 1021,1315 1021,1289 925,1287 921,1282"/>
          <TextEquiv conf="0.9182457">
            <Unicode>exacerbantur</Unicode>
          </TextEquiv>
        </Word>
        <Word id="region0014_line0017_word0002" custom="readingOrder {index:2;}">
          <Coords points="1155,1281 1151,1284 1147,1292 1124,1292 1036,1289 1036,1326 1221,1327 1221,1292 1214,1292 1206,1282 1194,1284 1190,1291 1178,1291 1173,1281"/>
          <TextEquiv>
            <Unicode>paroxyſmis</Unicode>
          </TextEquiv>
        </Word>
        <Word id="region0014_line0017_word0003" custom="readingOrder {index:3;}">
          <Coords points="1237,1284 1236,1286 1236,1318 1436,1320 1436,1295 1398,1295 1385,1285 1369,1285 1342,1288 1339,1293 1321,1293 1319,1286 1317,1284 1295,1284 1287,1292 1281,1284 1265,1284 1261,1288 1257,1284"/>
          <TextEquiv conf="0.9049339">
            <Unicode>ſubſimilibus</Unicode>
          </TextEquiv>
        </Word>
        <Word id="region0014_line0017_word0004" custom="readingOrder {index:4;}">
          <Coords points="1452,1318 1521,1318 1521,1298 1478,1297 1476,1290 1469,1286 1452,1288"/>
          <TextEquiv conf="0.9049339">
            <Unicode>ſunt</Unicode>
          </TextEquiv>
        </Word>
        <Word id="region0014_line0017_word0005" custom="readingOrder {index:5;}">
          <Coords points="1537,1328 1786,1330 1786,1288 1779,1287 1774,1293 1776,1304 1724,1303 1718,1298 1711,1297 1700,1302 1647,1301 1638,1291 1629,1291 1623,1297 1617,1290 1603,1291 1598,1300 1537,1298"/>
          <TextEquiv conf="0.83942133">
            <Unicode>amphimerinae,</Unicode>
          </TextEquiv>
        </Word>
        <TextEquiv>
          <Unicode>diebus exacerbantur paroxyſmis ſubſimilibus ſunt amphimerinae,</Unicode>
        </TextEquiv>
      </TextLine>
      <TextLine id="region0014_line0018" custom="readingOrder {index:17;}">
        <Coords points="854,1328 842,1339 707,1334 642,1336 642,1372 706,1375 707,1379 716,1385 755,1383 758,1376 816,1376 824,1388 836,1388 844,1378 902,1380 909,1381 914,1386 924,1386 931,1381 1032,1380 1111,1382 1121,1383 1125,1388 1153,1389 1159,1384 1172,1382 1311,1387 1339,1385 1382,1387 1389,1395 1406,1395 1413,1387 1462,1390 1468,1396 1477,1396 1484,1391 1519,1389 1813,1395 1813,1357 1781,1356 1771,1348 1761,1348 1755,1356 1718,1354 1712,1346 1700,1346 1694,1353 1683,1353 1678,1352 1671,1344 1661,1344 1654,1352 1608,1351 1598,1346 1580,1346 1578,1349 1527,1350 1523,1339 1506,1338 1499,1343 1497,1349 1463,1348 1457,1340 1447,1340 1439,1347 1410,1347 1400,1346 1391,1337 1376,1335 1349,1336 1341,1340 1336,1336 1325,1336 1318,1345 1296,1345 1289,1337 1278,1336 1271,1344 1135,1344 1123,1334 1114,1337 1105,1331 1094,1332 1085,1341 1059,1342 1055,1335 1040,1336 1034,1341 976,1339 969,1331 957,1332 950,1339 909,1340 902,1331 893,1331 885,1339 873,1339 869,1330"/>
        <Baseline points="642,1362 1813,1385"/>
        <Word id="region0014_line0018_word0000" custom="readingOrder {index:0;}">
          <Coords points="677,1341 710,1341 710,1365 677,1365"/>
          <TextEquiv>
            <Unicode>et</Unicode>
          </TextEquiv>
        </Word>
        <Word id="region0014_line0018_word0001" custom="readingOrder {index:1;}">
          <Coords points="847,1333 842,1339 732,1334 732,1377 757,1377 758,1376 816,1376 816,1377 925,1378 925,1339 909,1340 904,1333 890,1333 885,1339 873,1339 870,1333"/>
          <TextEquiv conf="0.8106703">
            <Unicode>paroxyſmis,</Unicode>
          </TextEquiv>
        </Word>
        <Word id="region0014_line0018_word0002" custom="readingOrder {index:2;}">
          <Coords points="952,1336 950,1339 942,1339 942,1366 1066,1367 1066,1341 1059,1342 1056,1336 1039,1336 1034,1341 976,1339 973,1336"/>
          <TextEquiv conf="0.63934016">
            <Unicode>alternis</Unicode>
          </TextEquiv>
        </Word>
        <Word id="region0014_line0018_word0003" custom="readingOrder {index:3;}">
          <Coords points="1089,1336 1089,1337 1089,1378 1205,1379 1205,1344 1135,1344 1125,1336 1116,1336 1114,1337 1112,1336"/>
          <TextEquiv conf="0.90684897">
            <Unicode>frigore</Unicode>
          </TextEquiv>
        </Word>
        <Word id="region0014_line0018_word0004" custom="readingOrder {index:4;}">
          <Coords points="1275,1338 1271,1344 1228,1344 1228,1372 1336,1373 1336,1339 1322,1338 1318,1345 1296,1345 1290,1338"/>
          <TextEquiv conf="0.86959654">
            <Unicode>maiori</Unicode>
          </TextEquiv>
        </Word>
        <Word id="region0014_line0018_word0005" custom="readingOrder {index:5;}">
          <Coords points="1357,1337 1357,1380 1479,1381 1479,1348 1463,1348 1457,1340 1447,1340 1439,1347 1410,1347 1400,1346 1391,1337"/>
          <TextEquiv conf="0.88673365">
            <Unicode>ſtipatis,</Unicode>
          </TextEquiv>
        </Word>
        <Word id="region0014_line0018_word0006" custom="readingOrder {index:6;}">
          <Coords points="1501,1372 1571,1372 1571,1349 1527,1350 1523,1339 1506,1338 1501,1341"/>
          <TextEquiv conf="0.9105986">
            <Unicode>ſunt</Unicode>
          </TextEquiv>
        </Word>
        <Word id="region0014_line0018_word0007" custom="readingOrder {index:7;}">
          <Coords points="1588,1374 1782,1375 1782,1356 1781,1356 1771,1348 1761,1348 1755,1356 1718,1354 1712,1346 1700,1346 1694,1353 1683,1353 1678,1352 1671,1344 1661,1344 1654,1352 1608,1351 1598,1346 1588,1346"/>
          <TextEquiv conf="0.61664593">
            <Unicode>hemitritaei.</Unicode>
          </TextEquiv>
        </Word>
        <TextEquiv>
          <Unicode>et paroxyſmis, alternis frigore maiori ſtipatis, ſunt hemitritaei.</Unicode>
        </TextEquiv>
      </TextLine>
      <TextLine id="region0014_line0019" custom="readingOrder {index:18;}">
        <Coords points="642,1377 641,1428 707,1428 724,1438 734,1437 743,1431 773,1428 885,1430 951,1439 964,1439 973,1431 1095,1433 1099,1439 1109,1441 1119,1440 1126,1433 1174,1433 1606,1443 1613,1452 1630,1452 1637,1443 1648,1443 1653,1451 1660,1455 1671,1454 1678,1445 1812,1446 1813,1407 1773,1407 1769,1400 1763,1398 1712,1397 1705,1406 1700,1406 1693,1397 1682,1397 1675,1405 1655,1404 1648,1394 1633,1396 1629,1404 1571,1403 1553,1402 1546,1393 1536,1393 1529,1400 1434,1401 1427,1391 1416,1391 1409,1399 1404,1399 1372,1397 1364,1388 1355,1388 1348,1396 1331,1396 1324,1388 1314,1388 1307,1397 1267,1396 1257,1395 1249,1385 1236,1386 1230,1394 1210,1394 1202,1385 1188,1386 1182,1394 1155,1393 1153,1390 1145,1389 1125,1389 1122,1393 1112,1393 1106,1386 1094,1384 1085,1394 1081,1382 1055,1381 1018,1382 1011,1385 1007,1393 923,1392 883,1389 757,1389 755,1384 750,1383 723,1388 706,1379 698,1378"/>
        <Baseline points="642,1419 1812,1437"/>
        <Word id="region0014_line0019_word0000" custom="readingOrder {index:0;}">
          <Coords points="673,1384 672,1427 751,1428 752,1385 740,1384 723,1388 716,1384"/>
          <TextEquiv conf="0.8778169">
            <Unicode>Legi</Unicode>
          </TextEquiv>
        </Word>
        <Word id="region0014_line0019_word0001" custom="readingOrder {index:1;}">
          <Coords points="775,1393 921,1394 921,1425 775,1424"/>
          <TextEquiv>
            <Unicode>meretur,</Unicode>
          </TextEquiv>
        </Word>
        <Word id="region0014_line0019_word0002" custom="readingOrder {index:2;}">
          <Coords points="945,1427 1027,1428 1028,1388 1009,1387 1007,1393 945,1392"/>
          <TextEquiv conf="0.9143895">
            <Unicode>quod</Unicode>
          </TextEquiv>
        </Word>
        <Word id="region0014_line0019_word0003" custom="readingOrder {index:3;}">
          <Coords points="1050,1386 1049,1429 1160,1430 1160,1393 1155,1393 1153,1390 1145,1389 1125,1389 1122,1393 1112,1393 1106,1386 1091,1386 1085,1394 1082,1386"/>
          <TextEquiv>
            <Unicode>ſcripſit</Unicode>
          </TextEquiv>
        </Word>
        <Word id="region0014_line0019_word0004" custom="readingOrder {index:4;}">
          <Coords points="1185,1389 1183,1392 1183,1420 1223,1420 1223,1394 1210,1394 1205,1389"/>
          <TextEquiv conf="0.90405756">
            <Unicode>de</Unicode>
          </TextEquiv>
        </Word>
        <Word id="region0014_line0019_word0005" custom="readingOrder {index:5;}">
          <Coords points="1240,1389 1240,1421 1441,1423 1441,1400 1434,1401 1427,1391 1416,1391 1409,1399 1404,1399 1372,1397 1366,1390 1353,1390 1348,1396 1331,1396 1325,1389 1312,1389 1307,1397 1267,1396 1257,1395 1252,1389"/>
          <TextEquiv conf="0.71185243">
            <Unicode>hemitritaeis</Unicode>
          </TextEquiv>
        </Word>
        <Word id="region0014_line0019_word0006" custom="readingOrder {index:6;}">
          <Coords points="1460,1422 1492,1422 1492,1400 1460,1400"/>
          <TextEquiv conf="0.86144197">
            <Unicode>et</Unicode>
          </TextEquiv>
        </Word>
        <Word id="region0014_line0019_word0007" custom="readingOrder {index:7;}">
          <Coords points="1507,1433 1706,1434 1706,1403 1705,1406 1700,1406 1693,1397 1682,1397 1675,1405 1655,1404 1648,1394 1633,1396 1629,1404 1571,1403 1553,1402 1546,1393 1536,1393 1529,1400 1507,1400"/>
          <TextEquiv conf="0.79927415">
            <Unicode>tritaeophyis</Unicode>
          </TextEquiv>
        </Word>
        <Word id="region0014_line0019_word0008" custom="readingOrder {index:8;} textStyle {offset:0; length:3;italic:true; fontSize:0.0; kerning:0;}">
          <Coords points="1724,1424 1784,1425 1784,1407 1773,1407 1769,1400 1763,1398 1724,1397"/>
          <TextEquiv conf="0.87301236">
            <Unicode>Ba-</Unicode>
          </TextEquiv>
        </Word>
        <TextEquiv>
          <Unicode>Legi meretur, quod ſcripſit de hemitritaeis et tritaeophyis Ba-</Unicode>
        </TextEquiv>
      </TextLine>
      <TextLine id="region0014_line0020" custom="readingOrder {index:19;}">
        <Coords points="696,1429 691,1430 686,1439 641,1438 642,1489 706,1490 711,1485 712,1477 761,1478 776,1480 782,1485 790,1485 795,1481 891,1480 901,1481 908,1487 932,1489 950,1483 955,1488 965,1487 974,1491 1020,1492 1031,1488 1062,1491 1105,1485 1121,1472 1121,1446 1116,1441 1021,1439 981,1443 934,1442 925,1436 896,1432 797,1431 788,1439 758,1439 752,1432 743,1432 735,1440 725,1440 707,1429"/>
        <Baseline points="690,1471 882,1470 985,1481 1119,1475"/>
        <Word id="region0014_line0020_word0000" custom="readingOrder {index:0;} textStyle {offset:0; length:8;italic:true; fontSize:0.0; kerning:0;}">
          <Coords points="687,1437 686,1439 668,1438 668,1481 711,1481 712,1477 761,1478 776,1480 778,1481 793,1482 793,1438 789,1437 788,1439 758,1439 756,1437 737,1437 735,1440 725,1440 720,1437"/>
          <TextEquiv conf="0.8845405">
            <Unicode>gliuius,</Unicode>
          </TextEquiv>
        </Word>
        <Word id="region0014_line0020_word0001" custom="readingOrder {index:1;}">
          <Coords points="813,1442 865,1443 865,1473 813,1472"/>
          <TextEquiv conf="0.9043985">
            <Unicode>lib.</Unicode>
          </TextEquiv>
        </Word>
        <Word id="region0014_line0020_word0002" custom="readingOrder {index:2;}">
          <Coords points="883,1443 906,1443 906,1471 883,1471"/>
          <TextEquiv conf="0.85880774">
            <Unicode>I.</Unicode>
          </TextEquiv>
        </Word>
        <Word id="region0014_line0020_word0003" custom="readingOrder {index:3;}">
          <Coords points="931,1450 999,1451 999,1482 931,1481"/>
          <TextEquiv>
            <Unicode>pag.</Unicode>
          </TextEquiv>
        </Word>
        <Word id="region0014_line0020_word0004" custom="readingOrder {index:4;}">
          <Coords points="1016,1447 1076,1447 1076,1481 1016,1481"/>
          <TextEquiv conf="0.9090328">
            <Unicode>59.</Unicode>
          </TextEquiv>
        </Word>
        <TextEquiv>
          <Unicode>gliuius, lib. I. pag. 59.</Unicode>
        </TextEquiv>
      </TextLine>
      <TextLine id="region0014_line0021" custom="readingOrder {index:20;}">
        <Coords points="1128,1480 1114,1482 1110,1493 1047,1494 1040,1489 1031,1489 1024,1494 975,1493 965,1488 955,1489 950,1484 937,1487 932,1492 900,1492 889,1483 880,1483 871,1491 850,1488 732,1487 727,1492 727,1518 739,1532 778,1532 791,1540 807,1541 848,1541 861,1532 882,1530 903,1530 905,1537 910,1541 925,1541 931,1531 957,1530 1112,1532 1121,1542 1140,1542 1149,1534 1207,1533 1214,1542 1227,1542 1236,1535 1256,1536 1272,1541 1277,1537 1328,1535 1547,1540 1549,1547 1556,1551 1591,1549 1608,1552 1613,1548 1651,1545 1696,1548 1701,1555 1711,1556 1717,1548 1757,1550 1786,1544 1813,1544 1812,1513 1690,1506 1622,1506 1621,1498 1616,1493 1569,1492 1561,1494 1557,1503 1550,1503 1521,1502 1514,1494 1504,1494 1497,1501 1364,1499 1359,1491 1349,1490 1344,1486 1198,1485 1193,1489 1191,1496 1182,1496 1181,1486 1176,1481"/>
        <Baseline points="730,1522 811,1529 879,1520 1366,1525 1683,1538 1813,1535"/>
        <Word id="region0014_line0021_word0000" custom="readingOrder {index:0;}">
          <Coords points="779,1492 834,1493 834,1528 779,1527"/>
          <TextEquiv conf="0.8594546">
            <Unicode>13.</Unicode>
          </TextEquiv>
        </Word>
        <Word id="region0014_line0021_word0001" custom="readingOrder {index:1;} textStyle {offset:0; length:11;italic:true; fontSize:0.0; kerning:0;}">
          <Coords points="876,1486 871,1491 858,1489 858,1528 1076,1529 1076,1493 1047,1494 1040,1489 1031,1489 1024,1494 975,1493 965,1488 955,1489 952,1486 939,1486 937,1487 932,1492 900,1492 892,1486"/>
          <TextEquiv>
            <Unicode>Amphimerina</Unicode>
          </TextEquiv>
        </Word>
        <Word id="region0014_line0021_word0002" custom="readingOrder {index:2;} textStyle {offset:0; length:12;italic:true; fontSize:0.0; kerning:0;}">
          <Coords points="1112,1486 1110,1493 1090,1493 1090,1530 1274,1531 1274,1487 1196,1486 1193,1489 1191,1496 1182,1496 1181,1486"/>
          <TextEquiv conf="0.8575436">
            <Unicode>tuſſiculoſa;</Unicode>
          </TextEquiv>
        </Word>
        <Word id="region0014_line0021_word0003" custom="readingOrder {index:3;} textStyle {offset:0; length:6;italic:true; fontSize:0.0; kerning:0;}">
          <Coords points="1300,1491 1300,1523 1405,1523 1405,1499 1364,1499 1359,1491"/>
          <TextEquiv>
            <Unicode>Fiévre</Unicode>
          </TextEquiv>
        </Word>
        <Word id="region0014_line0021_word0004" custom="readingOrder {index:4;} textStyle {offset:0; length:11;italic:true; fontSize:0.0; kerning:0;}">
          <Coords points="1420,1531 1610,1533 1610,1492 1569,1492 1561,1494 1557,1503 1550,1503 1521,1502 1514,1494 1504,1494 1497,1501 1420,1499"/>
          <TextEquiv conf="0.5491262">
            <Unicode>vermineuſe,</Unicode>
          </TextEquiv>
        </Word>
        <Word id="region0014_line0021_word0005" custom="readingOrder {index:5;} textStyle {offset:0; length:2;italic:true; fontSize:0.0; kerning:0;}">
          <Coords points="1633,1522 1662,1522 1662,1506 1633,1506"/>
          <TextEquiv conf="0.9286681">
            <Unicode>et</Unicode>
          </TextEquiv>
        </Word>
        <Word id="region0014_line0021_word0006" custom="readingOrder {index:6;} textStyle {offset:0; length:6;italic:true; fontSize:0.0; kerning:0;}">
          <Coords points="1685,1532 1781,1533 1781,1511 1690,1506 1685,1506"/>
          <TextEquiv>
            <Unicode>catar-</Unicode>
          </TextEquiv>
        </Word>
        <TextEquiv>
          <Unicode>13. Amphimerina tuſſiculoſa; Fiévre vermineuſe, et catar-</Unicode>
        </TextEquiv>
      </TextLine>
      <TextLine id="region0014_line0022" custom="readingOrder {index:21;}">
        <Coords points="693,1530 685,1535 683,1544 642,1543 641,1580 838,1583 846,1592 859,1591 868,1583 912,1584 925,1586 930,1590 939,1590 944,1586 990,1584 994,1592 1004,1595 1015,1594 1020,1583 1217,1584 1226,1595 1239,1596 1251,1586 1362,1591 1460,1591 1465,1586 1465,1580 1474,1574 1474,1548 1469,1543 1349,1541 1312,1548 1275,1548 1270,1542 1254,1538 1242,1547 1177,1547 1172,1537 1157,1536 1152,1540 1150,1548 1133,1549 1122,1547 1112,1535 1100,1536 1095,1546 1074,1546 1072,1538 1068,1535 1051,1537 1047,1546 896,1545 891,1544 882,1534 870,1534 859,1544 792,1544 785,1536 773,1533 767,1537 766,1544 763,1545 746,1544 744,1536 738,1532 725,1532 720,1536 718,1543 710,1544 706,1532"/>
        <Baseline points="642,1570 1465,1580"/>
        <Word id="region0014_line0022_word0000" custom="readingOrder {index:0;} textStyle {offset:0; length:5;italic:true; fontSize:0.0; kerning:0;}">
          <Coords points="685,1535 683,1544 669,1544 669,1569 749,1570 749,1544 746,1544 744,1536 744,1536 720,1536 720,1536 718,1543 710,1544 707,1535"/>
          <TextEquiv>
            <Unicode>rhale</Unicode>
          </TextEquiv>
        </Word>
        <Word id="region0014_line0022_word0001" custom="readingOrder {index:1;} textStyle {offset:0; length:3;italic:true; fontSize:0.0; kerning:0;}">
          <Coords points="767,1537 766,1544 763,1545 763,1570 808,1570 808,1544 792,1544 785,1537"/>
          <TextEquiv conf="0.8723881">
            <Unicode>des</Unicode>
          </TextEquiv>
        </Word>
        <Word id="region0014_line0022_word0002" custom="readingOrder {index:2;} textStyle {offset:0; length:7;italic:true; fontSize:0.0; kerning:0;}">
          <Coords points="866,1537 859,1544 823,1544 823,1578 941,1579 941,1545 896,1545 891,1544 885,1537"/>
          <TextEquiv conf="0.73368436">
            <Unicode>enfans;</Unicode>
          </TextEquiv>
        </Word>
        <Word id="region0014_line0022_word0003" custom="readingOrder {index:3;} textStyle {offset:0; length:10;italic:true; fontSize:0.0; kerning:0;}">
          <Coords points="1050,1539 1047,1546 967,1545 967,1580 1131,1582 1131,1548 1122,1547 1116,1539 1098,1539 1095,1546 1074,1546 1072,1539"/>
          <TextEquiv conf="0.89400077">
            <Unicode>coqueluche</Unicode>
          </TextEquiv>
        </Word>
        <Word id="region0014_line0022_word0004" custom="readingOrder {index:4;} textStyle {offset:0; length:3;italic:true; fontSize:0.0; kerning:0;}">
          <Coords points="1152,1540 1150,1548 1147,1548 1147,1571 1192,1571 1192,1547 1177,1547 1173,1540"/>
          <TextEquiv conf="0.9252363">
            <Unicode>des</Unicode>
          </TextEquiv>
        </Word>
        <Word id="region0014_line0022_word0005" custom="readingOrder {index:5;} textStyle {offset:0; length:7;italic:true; fontSize:0.0; kerning:0;}">
          <Coords points="1249,1541 1242,1547 1205,1547 1205,1582 1316,1583 1316,1547 1312,1548 1275,1548 1270,1542 1268,1541"/>
          <TextEquiv>
            <Unicode>enfans.</Unicode>
          </TextEquiv>
        </Word>
        <Word id="region0014_line0022_word0006" custom="readingOrder {index:6;}">
          <Coords points="1337,1574 1377,1574 1377,1543 1338,1543 1337,1543"/>
          <TextEquiv conf="0.90879387">
            <Unicode>A.</Unicode>
          </TextEquiv>
        </Word>
        <Word id="region0014_line0022_word0007" custom="readingOrder {index:7;}">
          <Coords points="1396,1544 1428,1544 1428,1575 1396,1575"/>
          <TextEquiv conf="0.92009133">
            <Unicode>B.</Unicode>
          </TextEquiv>
        </Word>
        <TextEquiv>
          <Unicode>rhale des enfans; coqueluche des enfans. A. B.</Unicode>
        </TextEquiv>
      </TextLine>
      <TextLine id="region0014_line0023" custom="readingOrder {index:22;}">
        <Coords points="1080,1587 1070,1599 920,1591 873,1593 856,1597 808,1595 800,1594 794,1589 784,1589 779,1593 738,1593 731,1595 727,1600 725,1632 731,1638 876,1638 904,1649 949,1649 960,1645 973,1648 985,1640 1012,1638 1098,1638 1116,1651 1151,1650 1155,1640 1344,1642 1382,1646 1394,1654 1402,1655 1427,1653 1433,1647 1439,1646 1672,1652 1718,1659 1751,1655 1813,1654 1812,1616 1776,1616 1767,1606 1754,1608 1750,1616 1692,1614 1687,1613 1680,1604 1669,1604 1664,1608 1620,1603 1590,1604 1586,1607 1580,1597 1568,1596 1561,1599 1556,1608 1519,1607 1464,1602 1460,1601 1454,1592 1444,1592 1432,1599 1385,1598 1350,1602 1203,1601 1195,1591 1185,1591 1178,1600 1170,1600 1150,1599 1143,1591 1112,1590 1106,1599 1100,1599 1095,1588"/>
        <Baseline points="725,1628 880,1628 915,1638 1001,1628 1114,1627 1813,1646"/>
        <Word id="region0014_line0023_word0000" custom="readingOrder {index:0;}">
          <Coords points="773,1597 867,1598 867,1629 773,1628"/>
          <TextEquiv conf="0.8905694">
            <Unicode>Anno</Unicode>
          </TextEquiv>
        </Word>
        <Word id="region0014_line0023_word0001" custom="readingOrder {index:1;}">
          <Coords points="887,1599 981,1600 981,1640 887,1639"/>
          <TextEquiv>
            <Unicode>1751</Unicode>
          </TextEquiv>
        </Word>
        <Word id="region0014_line0023_word0002" custom="readingOrder {index:2;}">
          <Coords points="1074,1594 1070,1599 1001,1595 1001,1628 1106,1628 1106,1599 1100,1599 1097,1594"/>
          <TextEquiv conf="0.92202055">
            <Unicode>menſe</Unicode>
          </TextEquiv>
        </Word>
        <Word id="region0014_line0023_word0003" custom="readingOrder {index:3;}">
          <Coords points="1120,1597 1120,1640 1155,1640 1155,1640 1215,1641 1215,1601 1203,1601 1200,1598 1180,1598 1178,1600 1170,1600 1150,1599 1149,1597"/>
          <TextEquiv conf="0.9049843">
            <Unicode>Junio</Unicode>
          </TextEquiv>
        </Word>
        <Word id="region0014_line0023_word0004" custom="readingOrder {index:4;}">
          <Coords points="1231,1605 1263,1605 1263,1628 1231,1628"/>
          <TextEquiv conf="0.91771513">
            <Unicode>et</Unicode>
          </TextEquiv>
        </Word>
        <Word id="region0014_line0023_word0005" custom="readingOrder {index:5;}">
          <Coords points="1279,1607 1359,1608 1359,1630 1279,1629"/>
          <TextEquiv conf="0.91153413">
            <Unicode>anno</Unicode>
          </TextEquiv>
        </Word>
        <Word id="region0014_line0023_word0006" custom="readingOrder {index:6;}">
          <Coords points="1436,1596 1432,1599 1385,1598 1378,1598 1378,1643 1475,1644 1475,1603 1464,1602 1460,1601 1457,1596"/>
          <TextEquiv>
            <Unicode>1760</Unicode>
          </TextEquiv>
        </Word>
        <Word id="region0014_line0023_word0007" custom="readingOrder {index:7;}">
          <Coords points="1562,1599 1561,1599 1556,1608 1519,1607 1487,1604 1487,1634 1591,1635 1591,1604 1590,1604 1586,1607 1581,1599"/>
          <TextEquiv conf="0.8791583">
            <Unicode>menſe</Unicode>
          </TextEquiv>
        </Word>
        <Word id="region0014_line0023_word0008" custom="readingOrder {index:8;}">
          <Coords points="1614,1642 1717,1642 1717,1614 1692,1614 1687,1613 1680,1604 1669,1604 1664,1608 1620,1603 1614,1603"/>
          <TextEquiv conf="0.9149304">
            <Unicode>Maio,</Unicode>
          </TextEquiv>
        </Word>
        <Word id="region0014_line0023_word0009" custom="readingOrder {index:9;}">
          <Coords points="1739,1634 1781,1634 1781,1616 1776,1616 1767,1606 1754,1608 1750,1616 1739,1615"/>
          <TextEquiv conf="0.74861276">
            <Unicode>vi-</Unicode>
          </TextEquiv>
        </Word>
        <TextEquiv>
          <Unicode>Anno 1751 menſe Junio et anno 1760 menſe Maio, vi-</Unicode>
        </TextEquiv>
      </TextLine>
      <TextLine id="region0014_line0024" custom="readingOrder {index:23;}">
        <Coords points="1095,1641 1085,1652 1073,1652 1066,1643 1055,1643 1048,1651 971,1650 964,1646 949,1650 904,1650 888,1643 884,1643 880,1650 842,1650 835,1641 822,1640 818,1643 803,1641 796,1649 772,1649 737,1648 725,1640 713,1640 707,1648 642,1649 642,1697 689,1699 704,1697 721,1689 774,1689 791,1697 799,1696 803,1689 1345,1695 1391,1697 1402,1699 1406,1703 1421,1700 1441,1702 1447,1708 1464,1707 1470,1700 1481,1699 1645,1705 1792,1706 1802,1699 1813,1702 1813,1668 1727,1666 1721,1665 1717,1659 1705,1657 1699,1657 1694,1665 1568,1662 1563,1654 1549,1651 1532,1654 1517,1652 1511,1659 1504,1660 1437,1659 1395,1656 1378,1647 1368,1656 1358,1655 1351,1645 1338,1644 1299,1644 1293,1654 1230,1653 1221,1643 1206,1644 1200,1652 1116,1652"/>
        <Baseline points="642,1686 730,1679 1040,1681 1813,1697"/>
        <Word id="region0014_line0024_word0000" custom="readingOrder {index:0;}">
          <Coords points="709,1644 707,1648 670,1648 670,1685 739,1686 739,1648 737,1648 732,1644"/>
          <TextEquiv conf="0.8810985">
            <Unicode>guit</Unicode>
          </TextEquiv>
        </Word>
        <Word id="region0014_line0024_word0001" custom="readingOrder {index:1;}">
          <Coords points="798,1646 796,1649 772,1649 764,1648 764,1687 934,1688 934,1650 904,1650 896,1646 881,1646 880,1650 842,1650 839,1646"/>
          <TextEquiv conf="0.90583503">
            <Unicode>epidemice</Unicode>
          </TextEquiv>
        </Word>
        <Word id="region0014_line0024_word0002" custom="readingOrder {index:2;}">
          <Coords points="955,1649 955,1679 1036,1680 1036,1650 971,1650 969,1649"/>
          <TextEquiv conf="0.90583503">
            <Unicode>inter</Unicode>
          </TextEquiv>
        </Word>
        <Word id="region0014_line0024_word0003" custom="readingOrder {index:3;}">
          <Coords points="1056,1647 1056,1680 1188,1681 1188,1652 1116,1652 1107,1647 1089,1647 1085,1652 1073,1652 1069,1647"/>
          <TextEquiv conf="0.52396005">
            <Unicode>infantes</Unicode>
          </TextEquiv>
        </Word>
        <Word id="region0014_line0024_word0004" custom="readingOrder {index:4;}">
          <Coords points="1210,1649 1210,1681 1285,1682 1285,1653 1230,1653 1226,1649"/>
          <TextEquiv conf="0.8761795">
            <Unicode>haec</Unicode>
          </TextEquiv>
        </Word>
        <Word id="region0014_line0024_word0005" custom="readingOrder {index:5;}">
          <Coords points="1308,1649 1308,1689 1419,1689 1419,1657 1395,1656 1381,1649 1375,1649 1368,1656 1358,1655 1353,1649"/>
          <TextEquiv conf="0.7211696">
            <Unicode>febris,</Unicode>
          </TextEquiv>
        </Word>
        <Word id="region0014_line0024_word0006" custom="readingOrder {index:6;}">
          <Coords points="1443,1692 1580,1692 1580,1662 1568,1662 1563,1654 1549,1651 1532,1654 1517,1652 1511,1659 1504,1660 1443,1659"/>
          <TextEquiv conf="0.8915236">
            <Unicode>quotidie</Unicode>
          </TextEquiv>
        </Word>
        <Word id="region0014_line0024_word0007" custom="readingOrder {index:7;}">
          <Coords points="1596,1684 1778,1685 1778,1667 1727,1666 1721,1665 1717,1659 1705,1657 1699,1657 1694,1665 1596,1662"/>
          <TextEquiv conf="0.9162436">
            <Unicode>exacerbans</Unicode>
          </TextEquiv>
        </Word>
        <TextEquiv conf="0.8277306">
          <Unicode>guit epidemice inter infantes haec febris, quotidie exacerbans</Unicode>
        </TextEquiv>
      </TextLine>
      <TextLine id="region0014_line0025" custom="readingOrder {index:24;}">
        <Coords points="883,1691 872,1704 793,1703 792,1698 773,1691 763,1702 642,1703 641,1739 768,1741 774,1749 781,1751 792,1751 799,1742 912,1743 919,1744 926,1752 934,1754 949,1753 957,1745 966,1744 1015,1745 1023,1746 1031,1752 1039,1752 1046,1746 1078,1744 1228,1746 1240,1747 1248,1754 1258,1754 1266,1748 1329,1748 1336,1758 1353,1757 1360,1749 1630,1756 1664,1759 1674,1764 1685,1764 1690,1760 1786,1760 1808,1759 1812,1756 1813,1703 1806,1700 1798,1701 1792,1707 1795,1719 1728,1718 1719,1717 1711,1709 1702,1709 1694,1715 1681,1716 1562,1714 1556,1702 1535,1701 1495,1701 1486,1712 1434,1712 1431,1703 1427,1701 1408,1704 1404,1710 1301,1708 1293,1699 1282,1700 1276,1707 1217,1706 1210,1697 1200,1697 1193,1705 1178,1705 1168,1694 1106,1693 1093,1696 1089,1703 1030,1705 1025,1705 1017,1695 1008,1695 1000,1706 991,1705 983,1696 973,1695 966,1704 903,1705 898,1693"/>
        <Baseline points="641,1729 1812,1750"/>
        <Word id="region0014_line0025_word0000" custom="readingOrder {index:0;}">
          <Coords points="667,1707 738,1708 738,1728 667,1727"/>
          <TextEquiv conf="0.7078027">
            <Unicode>cum</Unicode>
          </TextEquiv>
        </Word>
        <Word id="region0014_line0025_word0001" custom="readingOrder {index:1;}">
          <Coords points="770,1695 769,1739 854,1740 854,1703 793,1703 792,1698 784,1695"/>
          <TextEquiv conf="0.7686576">
            <Unicode>ſputo</Unicode>
          </TextEquiv>
        </Word>
        <Word id="region0014_line0025_word0002" custom="readingOrder {index:2;}">
          <Coords points="878,1696 877,1696 877,1742 1040,1743 1040,1704 1030,1705 1025,1705 1018,1696 1006,1696 1000,1706 991,1705 983,1696 971,1696 966,1704 903,1705 899,1696"/>
          <TextEquiv conf="0.8461467">
            <Unicode>ſanguinis,</Unicode>
          </TextEquiv>
        </Word>
        <Word id="region0014_line0025_word0003" custom="readingOrder {index:3;}">
          <Coords points="1067,1732 1136,1733 1137,1702 1089,1701 1089,1703 1067,1703"/>
          <TextEquiv conf="0.78074205">
            <Unicode>tuſſi</Unicode>
          </TextEquiv>
        </Word>
        <Word id="region0014_line0025_word0004" custom="readingOrder {index:4;}">
          <Coords points="1152,1701 1151,1741 1261,1741 1261,1706 1217,1706 1213,1701 1196,1701 1193,1705 1178,1705 1174,1701"/>
          <TextEquiv conf="0.8744278">
            <Unicode>ferina,</Unicode>
          </TextEquiv>
        </Word>
        <Word id="region0014_line0025_word0005" custom="readingOrder {index:5;}">
          <Coords points="1283,1702 1282,1733 1316,1733 1316,1708 1301,1708 1295,1702"/>
          <TextEquiv conf="0.91837937">
            <Unicode>in</Unicode>
          </TextEquiv>
        </Word>
        <Word id="region0014_line0025_word0006" custom="readingOrder {index:6;}">
          <Coords points="1333,1712 1394,1712 1393,1744 1332,1744"/>
          <TextEquiv conf="0.91852653">
            <Unicode>qua</Unicode>
          </TextEquiv>
        </Word>
        <Word id="region0014_line0025_word0007" custom="readingOrder {index:7;}">
          <Coords points="1420,1702 1408,1704 1408,1704 1407,1735 1474,1736 1475,1712 1434,1712 1431,1703 1430,1702"/>
          <TextEquiv>
            <Unicode>fere</Unicode>
          </TextEquiv>
        </Word>
        <Word id="region0014_line0025_word0008" custom="readingOrder {index:8;}">
          <Coords points="1494,1702 1490,1706 1490,1743 1685,1744 1685,1715 1681,1716 1562,1714 1556,1702"/>
          <TextEquiv>
            <Unicode>ſuffocantur,</Unicode>
          </TextEquiv>
        </Word>
        <Word id="region0014_line0025_word0009" custom="readingOrder {index:9;}">
          <Coords points="1701,1739 1808,1740 1809,1701 1806,1700 1798,1701 1792,1707 1795,1719 1728,1718 1719,1717 1711,1709 1702,1709 1702,1709"/>
          <TextEquiv>
            <Unicode>lum-</Unicode>
          </TextEquiv>
        </Word>
        <TextEquiv>
          <Unicode>cum ſputo ſanguinis, tuſſi ferina, in qua fere ſuffocantur, lum-</Unicode>
        </TextEquiv>
      </TextLine>
      <TextLine id="region0014_line0026" custom="readingOrder {index:25;}">
        <Coords points="665,1743 658,1750 641,1749 642,1791 796,1794 803,1789 811,1789 817,1794 965,1796 978,1786 978,1760 973,1754 872,1755 865,1746 855,1746 847,1755 837,1747 815,1746 808,1755 720,1753 713,1744 702,1745 696,1753 684,1753 677,1744"/>
        <Baseline points="642,1781 978,1786"/>
        <Word id="region0014_line0026_word0000" custom="readingOrder {index:0;}">
          <Coords points="667,1749 667,1781 764,1782 764,1754 720,1753 717,1749 698,1749 696,1753 684,1753 681,1749"/>
          <TextEquiv conf="0.90849286">
            <Unicode>bricos</Unicode>
          </TextEquiv>
        </Word>
        <Word id="region0014_line0026_word0001" custom="readingOrder {index:1;}">
          <Coords points="811,1750 808,1755 781,1754 781,1781 931,1782 931,1754 872,1755 868,1750 851,1750 847,1755 841,1750"/>
          <TextEquiv conf="0.43727994">
            <Unicode>reiiciunt.</Unicode>
          </TextEquiv>
        </Word>
        <TextEquiv conf="0.67288643">
          <Unicode>bricos reiiciunt.</Unicode>
        </TextEquiv>
      </TextLine>
      <TextLine id="region0014_line0027" custom="readingOrder {index:26;}">
        <Coords points="803,1790 796,1795 723,1798 718,1803 718,1829 728,1842 931,1846 939,1855 949,1854 953,1846 1127,1845 1223,1848 1228,1849 1234,1859 1249,1860 1274,1859 1285,1856 1296,1859 1343,1859 1352,1852 1506,1855 1538,1858 1645,1860 1654,1861 1661,1870 1672,1870 1680,1868 1684,1862 1803,1864 1813,1860 1813,1823 1760,1824 1752,1815 1741,1815 1734,1823 1726,1813 1717,1813 1709,1821 1587,1820 1583,1811 1569,1808 1554,1809 1548,1817 1531,1817 1429,1812 1422,1804 1411,1805 1403,1812 1284,1811 1276,1801 1265,1801 1258,1810 1246,1810 1235,1809 1227,1798 1214,1798 1210,1801 1199,1799 1190,1807 1083,1807 1078,1799 1065,1798 1055,1807 1051,1799 1038,1798 1030,1806 987,1807 981,1799 969,1797 959,1806 821,1805 813,1791"/>
        <Baseline points="720,1832 1813,1853"/>
        <Word id="region0014_line0027_word0000" custom="readingOrder {index:0;}">
          <Coords points="802,1790 796,1795 771,1796 771,1830 905,1831 905,1805 821,1805 813,1791 805,1790"/>
          <TextEquiv conf="0.91588515">
            <Unicode>Curatur</Unicode>
          </TextEquiv>
        </Word>
        <Word id="region0014_line0027_word0001" custom="readingOrder {index:1;}">
          <Coords points="968,1798 959,1806 921,1806 921,1839 1089,1840 1089,1807 1083,1807 1078,1799 1077,1799 1064,1799 1055,1807 1051,1799 1048,1799 1037,1799 1030,1806 987,1807 981,1799 977,1798"/>
          <TextEquiv conf="0.74695116">
            <Unicode>eatharticis</Unicode>
          </TextEquiv>
        </Word>
        <Word id="region0014_line0027_word0002" custom="readingOrder {index:2;}">
          <Coords points="1213,1798 1210,1801 1199,1799 1190,1807 1112,1807 1112,1841 1300,1843 1300,1811 1284,1811 1276,1801 1265,1801 1258,1810 1246,1810 1235,1809 1227,1798"/>
          <TextEquiv>
            <Unicode>vermifugis,</Unicode>
          </TextEquiv>
        </Word>
        <Word id="region0014_line0027_word0003" custom="readingOrder {index:3;}">
          <Coords points="1322,1839 1377,1839 1377,1811 1322,1811"/>
          <TextEquiv conf="0.9106578">
            <Unicode>per</Unicode>
          </TextEquiv>
        </Word>
        <Word id="region0014_line0027_word0004" custom="readingOrder {index:4;}">
          <Coords points="1394,1833 1525,1834 1525,1816 1429,1812 1422,1804 1411,1805 1403,1812 1394,1811"/>
          <TextEquiv conf="0.84459525">
            <Unicode>alternas</Unicode>
          </TextEquiv>
        </Word>
        <Word id="region0014_line0027_word0005" custom="readingOrder {index:5;}">
          <Coords points="1549,1833 1613,1834 1613,1820 1587,1820 1583,1811 1569,1808 1554,1809 1549,1815"/>
          <TextEquiv conf="0.92153984">
            <Unicode>dies</Unicode>
          </TextEquiv>
        </Word>
        <Word id="region0014_line0027_word0006" custom="readingOrder {index:6;}">
          <Coords points="1629,1844 1776,1845 1776,1823 1760,1824 1752,1815 1741,1815 1734,1823 1726,1813 1717,1813 1709,1821 1629,1820"/>
          <TextEquiv conf="0.829094">
            <Unicode>repetitis.</Unicode>
          </TextEquiv>
        </Word>
        <TextEquiv>
          <Unicode>Curatur eatharticis vermifugis, per alternas dies repetitis.</Unicode>
        </TextEquiv>
      </TextLine>
      <TextLine id="region0014_line0028" custom="readingOrder {index:27;}">
        <Coords points="731,1843 727,1846 642,1843 641,1889 689,1894 786,1894 790,1902 796,1903 836,1904 844,1895 853,1894 941,1895 951,1906 964,1905 970,1908 1004,1907 1009,1905 1013,1898 1093,1899 1098,1894 1111,1894 1115,1898 1120,1898 1124,1894 1125,1873 1120,1868 1095,1867 1073,1860 1028,1860 1021,1849 1005,1849 994,1860 981,1860 928,1858 921,1848 908,1848 902,1857 852,1857 845,1846"/>
        <Baseline points="642,1879 811,1887 1124,1889"/>
        <Word id="region0014_line0028_word0000" custom="readingOrder {index:0;}">
          <Coords points="662,1855 743,1856 742,1890 661,1889"/>
          <TextEquiv conf="0.88227236">
            <Unicode>Vide</Unicode>
          </TextEquiv>
        </Word>
        <Word id="region0014_line0028_word0001" custom="readingOrder {index:1;} textStyle {offset:0; length:6;italic:true; fontSize:0.0; kerning:0;}">
          <Coords points="765,1853 764,1894 786,1894 787,1896 842,1896 844,1895 853,1894 868,1894 868,1857 852,1857 849,1853"/>
          <TextEquiv conf="0.0">
            <Unicode>Tuſſim</Unicode>
          </TextEquiv>
        </Word>
        <Word id="region0014_line0028_word0002" custom="readingOrder {index:2;} textStyle {offset:0; length:10;italic:true; fontSize:0.0; kerning:0;}">
          <Coords points="903,1854 902,1857 892,1857 892,1894 941,1895 943,1897 1068,1898 1068,1860 1028,1860 1024,1854 999,1854 994,1860 981,1860 928,1858 925,1854"/>
          <TextEquiv conf="0.8020942">
            <Unicode>clangoſam.</Unicode>
          </TextEquiv>
        </Word>
        <TextEquiv conf="0.89478886">
          <Unicode>Vide Tuſſim clangoſam.</Unicode>
        </TextEquiv>
      </TextLine>
      <TextLine id="region0014_line0030" custom="readingOrder {index:28;}">
        <Coords points="1335,1883 1330,1888 1330,1897 1333,1901 1329,1903 1310,1905 1292,1901 1247,1900 1241,1904 1239,1910 1199,1909 1192,1899 1178,1899 1171,1909 1131,1910 1126,1900 1115,1899 1111,1895 1098,1895 1093,1900 1096,1908 1093,1912 1045,1911 1037,1903 1026,1903 1020,1911 971,1910 964,1906 951,1907 942,1899 932,1900 928,1909 892,1907 886,1899 876,1899 868,1907 724,1902 719,1907 719,1933 730,1947 795,1948 802,1955 813,1955 819,1949 886,1945 900,1946 902,1953 910,1956 924,1955 928,1947 1084,1949 1090,1955 1101,1954 1106,1949 1115,1949 1116,1954 1121,1957 1149,1958 1164,1954 1166,1947 1176,1947 1222,1949 1232,1957 1245,1957 1253,1951 1264,1951 1340,1959 1352,1957 1358,1952 1415,1953 1421,1950 1434,1954 1513,1957 1693,1960 1694,1969 1699,1974 1709,1970 1719,1970 1726,1974 1747,1974 1753,1964 1813,1964 1813,1925 1727,1923 1722,1916 1710,1913 1695,1913 1689,1922 1531,1918 1525,1910 1513,1910 1506,1917 1416,1915 1410,1909 1397,1909 1392,1913 1385,1904 1374,1900 1352,1902 1355,1896 1354,1886 1350,1883"/>
        <Baseline points="722,1937 1205,1938 1310,1948 1404,1942 1813,1955"/>
        <Word id="region0014_line0030_word0000" custom="readingOrder {index:0;}">
          <Coords points="772,1926 826,1927 826,1905 772,1903"/>
          <TextEquiv conf="0.8788065">
            <Unicode>14.</Unicode>
          </TextEquiv>
        </Word>
        <Word id="region0014_line0030_word0001" custom="readingOrder {index:1;} textStyle {offset:0; length:11;italic:true; fontSize:0.0; kerning:0;}">
          <Coords points="856,1928 1073,1929 1073,1911 1045,1911 1037,1903 1026,1903 1020,1911 971,1910 964,1906 951,1907 942,1899 932,1900 928,1909 892,1907 886,1899 876,1899 868,1907 856,1906"/>
          <TextEquiv conf="0.88126487">
            <Unicode>Amphimerina</Unicode>
          </TextEquiv>
        </Word>
        <Word id="region0014_line0030_word0002" custom="readingOrder {index:2;} textStyle {offset:0; length:12;italic:true; fontSize:0.0; kerning:0;}">
          <Coords points="1093,1931 1313,1933 1313,1904 1310,1905 1292,1901 1247,1900 1241,1904 1239,1910 1199,1909 1192,1899 1178,1899 1171,1909 1131,1910 1126,1900 1115,1899 1111,1895 1098,1895 1093,1900 1096,1908 1093,1912"/>
          <TextEquiv conf="0.68820417">
            <Unicode>ſingultuoſa;</Unicode>
          </TextEquiv>
        </Word>
        <Word id="region0014_line0030_word0003" custom="readingOrder {index:3;} textStyle {offset:0; length:6;italic:true; fontSize:0.0; kerning:0;}">
          <Coords points="1333,1885 1330,1888 1330,1897 1333,1901 1329,1903 1316,1904 1316,1933 1419,1933 1419,1915 1416,1915 1410,1909 1397,1909 1392,1913 1385,1904 1374,1900 1352,1902 1355,1896 1354,1886 1352,1885"/>
          <TextEquiv conf="0.9108436">
            <Unicode>febris</Unicode>
          </TextEquiv>
        </Word>
        <Word id="region0014_line0030_word0004" custom="readingOrder {index:4;} textStyle {offset:0; length:8;italic:true; fontSize:0.0; kerning:0;}">
          <Coords points="1442,1923 1579,1923 1579,1919 1531,1918 1525,1910 1513,1910 1506,1917 1442,1915"/>
          <TextEquiv conf="0.79945135">
            <Unicode>continua</Unicode>
          </TextEquiv>
        </Word>
        <Word id="region0014_line0030_word0005" custom="readingOrder {index:5;} textStyle {offset:0; length:2;italic:true; fontSize:0.0; kerning:0;}">
          <Coords points="1600,1923 1628,1923 1628,1920 1600,1919"/>
          <TextEquiv conf="0.91716313">
            <Unicode>et</Unicode>
          </TextEquiv>
        </Word>
        <Word id="region0014_line0030_word0006" custom="readingOrder {index:6;} textStyle {offset:0; length:7;italic:true; fontSize:0.0; kerning:0;}">
          <Coords points="1649,1937 1776,1938 1776,1924 1727,1923 1722,1916 1710,1913 1695,1913 1689,1922 1649,1920"/>
          <TextEquiv conf="0.22474396">
            <Unicode>maligna</Unicode>
          </TextEquiv>
        </Word>
        <TextEquiv conf="0.7572111">
          <Unicode>14. Amphimerina ſingultuoſa; febris continua et maligna</Unicode>
        </TextEquiv>
      </TextLine>
      <TextLine id="region0014_line0031" custom="readingOrder {index:29;}">
        <Coords points="642,1945 642,1997 737,1995 880,2000 1044,2000 1070,2003 1082,2008 1124,2007 1128,2010 1151,2000 1204,2000 1294,2004 1301,2005 1306,2012 1313,2014 1332,2014 1341,2010 1391,2013 1415,2007 1489,2008 1510,2009 1512,2013 1533,2022 1594,2022 1626,2013 1640,2013 1642,2022 1658,2024 1695,2023 1703,2020 1704,2015 1748,2019 1764,2025 1813,2024 1813,1991 1794,1990 1793,1983 1788,1978 1727,1977 1719,1971 1709,1971 1702,1976 1656,1974 1653,1967 1645,1963 1591,1963 1582,1968 1512,1969 1436,1967 1435,1956 1421,1951 1414,1954 1413,1964 1401,1958 1340,1960 1277,1953 1265,1955 1261,1963 1191,1961 1184,1951 1170,1952 1149,1959 1088,1956 1057,1961 1010,1961 1008,1954 1003,1950 988,1951 980,1961 973,1950 959,1952 955,1960 936,1956 790,1957 784,1950 760,1950 754,1958 720,1958 718,1951 711,1947"/>
        <Baseline points="642,1987 1049,1990 1122,1997 1142,1991 1219,1990 1374,2002 1530,2002 1548,1987 1581,1987"/>
        <Word id="region0014_line0031_word0000" custom="readingOrder {index:0;} textStyle {offset:0; length:7;italic:true; fontSize:0.0; kerning:0;}">
          <Coords points="663,1958 781,1959 781,1989 663,1988"/>
          <TextEquiv conf="0.919935">
            <Unicode>Riverii</Unicode>
          </TextEquiv>
        </Word>
        <Word id="region0014_line0031_word0001" custom="readingOrder {index:1;}">
          <Coords points="795,1965 875,1966 875,1989 795,1988"/>
          <TextEquiv conf="0.8870574">
            <Unicode>cent.</Unicode>
          </TextEquiv>
        </Word>
        <Word id="region0014_line0031_word0002" custom="readingOrder {index:2;}">
          <Coords points="896,1967 926,1967 926,1990 896,1990"/>
          <TextEquiv conf="0.8961699">
            <Unicode>I.</Unicode>
          </TextEquiv>
        </Word>
        <Word id="region0014_line0031_word0003" custom="readingOrder {index:3;}">
          <Coords points="956,1957 955,1960 945,1957 945,1990 1062,1991 1062,1960 1057,1961 1010,1961 1009,1957 982,1957 980,1961 977,1957"/>
          <TextEquiv conf="0.79189384">
            <Unicode>obſeru.</Unicode>
          </TextEquiv>
        </Word>
        <Word id="region0014_line0031_word0004" custom="readingOrder {index:4;}">
          <Coords points="1078,1964 1137,1965 1137,2003 1078,2002"/>
          <TextEquiv conf="0.79189384">
            <Unicode>47.</Unicode>
          </TextEquiv>
        </Word>
        <Word id="region0014_line0031_word0005" custom="readingOrder {index:5;}">
          <Coords points="1152,1959 1152,1990 1235,1990 1235,1962 1191,1961 1189,1959"/>
          <TextEquiv conf="0.90442824">
            <Unicode>idem</Unicode>
          </TextEquiv>
        </Word>
        <Word id="region0014_line0031_word0006" custom="readingOrder {index:6;}">
          <Coords points="1251,1992 1313,1993 1313,1959 1263,1958 1261,1963 1251,1962"/>
          <TextEquiv conf="0.90442824">
            <Unicode>obſ.</Unicode>
          </TextEquiv>
        </Word>
        <Word id="region0014_line0031_word0007" custom="readingOrder {index:7;}">
          <Coords points="1331,1963 1390,1963 1390,2004 1331,2004"/>
          <TextEquiv conf="0.9212633">
            <Unicode>78.</Unicode>
          </TextEquiv>
        </Word>
        <Word id="region0014_line0031_word0008" custom="readingOrder {index:8;}">
          <Coords points="1418,1952 1414,1954 1413,1964 1408,1961 1408,1993 1523,1994 1523,1968 1512,1969 1436,1967 1435,1956 1424,1952"/>
          <TextEquiv conf="0.88174415">
            <Unicode>centur.</Unicode>
          </TextEquiv>
        </Word>
        <Word id="region0014_line0031_word0009" custom="readingOrder {index:9;}">
          <Coords points="1550,2003 1590,2004 1590,1969 1561,1968 1550,1968"/>
          <TextEquiv conf="0.39605027">
            <Unicode>3;</Unicode>
          </TextEquiv>
        </Word>
        <Word id="region0014_line0031_word0010" custom="readingOrder {index:10;} textStyle {offset:0; length:10;italic:true; fontSize:0.0; kerning:0;}">
          <Coords points="1612,2008 1789,2009 1789,1979 1788,1978 1727,1977 1719,1971 1709,1971 1702,1976 1656,1974 1653,1967 1645,1963 1612,1963"/>
          <TextEquiv conf="0.9179873">
            <Unicode>Singultus,</Unicode>
          </TextEquiv>
        </Word>
        <TextEquiv conf="0.8375319">
          <Unicode>Riverii cent. I. obſeru. 47. idem obſ. 78. centur. 3; Singultus,</Unicode>
        </TextEquiv>
      </TextLine>
      <TextLine id="region0014_line0032" custom="readingOrder {index:30;}">
        <Coords points="699,1998 694,2002 679,2000 666,2008 642,2008 641,2060 683,2060 691,2055 693,2049 718,2048 760,2048 766,2054 784,2054 802,2060 830,2056 849,2059 852,2047 965,2049 974,2055 985,2058 997,2051 1033,2049 1089,2050 1116,2055 1159,2056 1192,2051 1249,2051 1336,2055 1337,2065 1342,2068 1367,2066 1374,2069 1390,2069 1395,2058 1536,2062 1538,2069 1545,2074 1561,2074 1567,2064 1731,2069 1735,2067 1737,2058 1760,2057 1765,2052 1765,2026 1749,2022 1702,2021 1695,2024 1671,2025 1636,2023 1609,2026 1534,2025 1530,2020 1511,2013 1506,2022 1429,2021 1369,2019 1366,2014 1350,2011 1335,2013 1331,2018 1305,2018 1279,2014 1226,2014 1219,2004 1197,2001 1151,2001 1128,2011 1124,2008 1082,2009 1069,2005 1061,2013 1040,2013 1039,2006 1034,2001 898,2001 892,2011 887,2011 885,2004 879,2000 866,2000 861,2010 792,2010 788,2000 772,1999 765,2009 753,2009 746,2002 735,2002 729,2009 717,2009 713,2000"/>
        <Baseline points="641,2049 684,2039 815,2044 842,2038 1257,2041 1675,2059 1734,2055"/>
        <Word id="region0014_line0032_word0000" custom="readingOrder {index:0;} textStyle {offset:0; length:6;italic:true; fontSize:0.0; kerning:0;}">
          <Coords points="672,2004 666,2008 655,2008 654,2049 693,2049 693,2049 718,2048 755,2048 756,2009 753,2009 749,2005 733,2005 729,2009 717,2009 715,2005"/>
          <TextEquiv conf="0.87444717">
            <Unicode>febris</Unicode>
          </TextEquiv>
        </Word>
        <Word id="region0014_line0032_word0001" custom="readingOrder {index:1;} textStyle {offset:0; length:8;italic:true; fontSize:0.0; kerning:0;}">
          <Coords points="770,2007 769,2051 850,2051 852,2047 901,2047 902,2008 893,2007 892,2011 887,2011 886,2007 862,2007 861,2010 792,2010 790,2007"/>
          <TextEquiv conf="0.6214104">
            <Unicode>Iyngodes</Unicode>
          </TextEquiv>
        </Word>
        <Word id="region0014_line0032_word0002" custom="readingOrder {index:2;} textStyle {offset:0; length:12;italic:true; fontSize:0.0; kerning:0;}">
          <Coords points="919,2011 918,2048 965,2049 967,2050 1001,2051 1033,2049 1089,2050 1098,2052 1136,2052 1137,2013 1062,2012 1061,2013 1040,2013 1040,2012"/>
          <TextEquiv conf="0.8339405">
            <Unicode>Walſchmidii;</Unicode>
          </TextEquiv>
        </Word>
        <Word id="region0014_line0032_word0003" custom="readingOrder {index:3;} textStyle {offset:0; length:6;italic:true; fontSize:0.0; kerning:0;}">
          <Coords points="1162,2012 1161,2043 1267,2043 1267,2014 1226,2014 1224,2012"/>
          <TextEquiv>
            <Unicode>Fiévre</Unicode>
          </TextEquiv>
        </Word>
        <Word id="region0014_line0032_word0004" custom="readingOrder {index:4;} textStyle {offset:0; length:7;italic:true; fontSize:0.0; kerning:0;}">
          <Coords points="1411,2055 1411,2020 1369,2019 1366,2014 1350,2011 1335,2013 1331,2018 1305,2018 1287,2015 1287,2052 1336,2055"/>
          <TextEquiv conf="0.89541215">
            <Unicode>maligne</Unicode>
          </TextEquiv>
        </Word>
        <Word id="region0014_line0032_word0005" custom="readingOrder {index:5;} textStyle {offset:0; length:4;italic:true; fontSize:0.0; kerning:0;}">
          <Coords points="1429,2042 1493,2043 1494,2022 1434,2021 1429,2021"/>
          <TextEquiv conf="0.9273899">
            <Unicode>avec</Unicode>
          </TextEquiv>
        </Word>
        <Word id="region0014_line0032_word0006" custom="readingOrder {index:6;} textStyle {offset:0; length:6;italic:true; fontSize:0.0; kerning:0;}">
          <Coords points="1508,2055 1613,2056 1613,2025 1609,2026 1534,2025 1530,2020 1511,2013 1508,2016"/>
          <TextEquiv>
            <Unicode>boquet</Unicode>
          </TextEquiv>
        </Word>
        <Word id="region0014_line0032_word0007" custom="readingOrder {index:7;}">
          <Coords points="1635,2047 1673,2047 1674,2025 1671,2025 1636,2023 1636,2023"/>
          <TextEquiv conf="0.8806032">
            <Unicode>A.</Unicode>
          </TextEquiv>
        </Word>
        <Word id="region0014_line0032_word0008" custom="readingOrder {index:8;}">
          <Coords points="1690,2048 1723,2048 1723,2021 1702,2021 1695,2024 1690,2024"/>
          <TextEquiv conf="0.8806032">
            <Unicode>P.</Unicode>
          </TextEquiv>
        </Word>
        <TextEquiv>
          <Unicode>febris Iyngodes Walſchmidii; Fiévre maligne avec boquet A. P.</Unicode>
        </TextEquiv>
      </TextLine>
      <TextLine id="region0014_line0033" custom="readingOrder {index:31;}">
        <Coords points="1071,2051 1065,2053 1059,2063 991,2062 971,2054 934,2054 911,2061 849,2062 842,2057 830,2057 811,2058 804,2063 796,2057 784,2055 719,2052 714,2057 714,2083 718,2088 718,2098 724,2104 782,2104 788,2108 804,2110 811,2103 825,2102 863,2103 868,2110 878,2111 888,2109 893,2102 902,2101 1044,2102 1063,2103 1070,2110 1078,2110 1085,2103 1177,2103 1340,2110 1351,2121 1357,2121 1368,2113 1387,2113 1393,2121 1408,2121 1415,2114 1463,2115 1476,2124 1485,2124 1492,2116 1505,2116 1515,2117 1524,2127 1540,2127 1551,2119 1571,2118 1695,2121 1700,2122 1703,2130 1709,2133 1720,2132 1724,2122 1813,2124 1813,2085 1778,2084 1776,2079 1768,2074 1758,2075 1751,2083 1739,2083 1735,2074 1722,2071 1676,2071 1669,2080 1656,2081 1638,2081 1631,2071 1621,2071 1613,2080 1447,2075 1439,2066 1430,2066 1422,2073 1410,2073 1391,2069 1374,2070 1367,2067 1342,2069 1331,2066 1325,2056 1315,2056 1301,2064 1249,2066 1220,2066 1214,2059 1202,2059 1193,2066 1147,2065 1145,2059 1140,2056 1120,2056 1113,2063 1090,2064 1085,2053"/>
        <Baseline points="718,2094 1217,2094 1813,2114"/>
        <Word id="region0014_line0033_word0000" custom="readingOrder {index:0;}">
          <Coords points="766,2056 766,2100 927,2101 927,2057 924,2056 911,2061 849,2062 842,2057 830,2057 811,2058 804,2063 796,2057 790,2056"/>
          <TextEquiv conf="0.8822155">
            <Unicode>Epiſcopus</Unicode>
          </TextEquiv>
        </Word>
        <Word id="region0014_line0033_word0001" custom="readingOrder {index:1;}">
          <Coords points="943,2057 943,2099 1153,2101 1153,2065 1147,2065 1145,2059 1145,2059 1117,2059 1113,2063 1090,2064 1087,2058 1062,2058 1059,2063 991,2062 979,2057"/>
          <TextEquiv conf="0.89411145">
            <Unicode>Nemauſenſis</Unicode>
          </TextEquiv>
        </Word>
        <Word id="region0014_line0033_word0002" custom="readingOrder {index:2;}">
          <Coords points="1195,2064 1193,2066 1174,2065 1174,2092 1256,2092 1256,2065 1249,2066 1220,2066 1218,2064"/>
          <TextEquiv conf="0.4280052">
            <Unicode>anno</Unicode>
          </TextEquiv>
        </Word>
        <Word id="region0014_line0033_word0003" custom="readingOrder {index:3;}">
          <Coords points="1314,2056 1301,2064 1275,2065 1275,2107 1299,2108 1372,2109 1372,2069 1367,2067 1342,2069 1331,2066 1325,2056"/>
          <TextEquiv conf="0.6044169">
            <Unicode>1629</Unicode>
          </TextEquiv>
        </Word>
        <Word id="region0014_line0033_word0004" custom="readingOrder {index:4;}">
          <Coords points="1388,2103 1666,2105 1666,2080 1656,2081 1638,2081 1631,2071 1621,2071 1613,2080 1447,2075 1439,2066 1430,2066 1422,2073 1410,2073 1391,2069 1388,2069"/>
          <TextEquiv conf="0.90424454">
            <Unicode>quinquagenarius</Unicode>
          </TextEquiv>
        </Word>
        <Word id="region0014_line0033_word0005" custom="readingOrder {index:5;}">
          <Coords points="1690,2110 1771,2111 1771,2075 1768,2074 1758,2075 1751,2083 1739,2083 1735,2074 1722,2071 1690,2071"/>
          <TextEquiv>
            <Unicode>febri</Unicode>
          </TextEquiv>
        </Word>
        <TextEquiv>
          <Unicode>Epiſcopus Nemauſenſis anno 1629 quinquagenarius febri</Unicode>
        </TextEquiv>
      </TextLine>
      <TextLine id="region0014_line0034" custom="readingOrder {index:32;}">
        <Coords points="968,2103 955,2114 813,2116 807,2116 803,2110 788,2109 784,2106 774,2108 769,2115 737,2115 720,2114 708,2106 642,2104 642,2154 783,2155 793,2157 804,2166 820,2165 829,2158 860,2155 982,2155 995,2157 1000,2161 1025,2163 1048,2154 1165,2155 1450,2167 1490,2174 1530,2170 1813,2174 1813,2136 1709,2134 1700,2133 1693,2125 1682,2125 1676,2132 1649,2131 1642,2122 1630,2122 1622,2131 1614,2132 1529,2130 1513,2127 1477,2127 1464,2118 1456,2120 1452,2117 1417,2116 1405,2125 1377,2123 1368,2114 1357,2122 1351,2122 1340,2111 1319,2110 1289,2111 1285,2121 1246,2119 1243,2110 1238,2106 1224,2106 1214,2117 1065,2113 1059,2105 1047,2105 1040,2113 989,2115 984,2106"/>
        <Baseline points="642,2144 1160,2145 1497,2161 1813,2164"/>
        <Word id="region0014_line0034_word0000" custom="readingOrder {index:0;}">
          <Coords points="659,2110 712,2111 712,2142 659,2141"/>
          <TextEquiv conf="0.8934857">
            <Unicode>illa</Unicode>
          </TextEquiv>
        </Word>
        <Word id="region0014_line0034_word0001" custom="readingOrder {index:1;}">
          <Coords points="772,2110 769,2115 737,2115 728,2114 728,2153 863,2154 863,2115 813,2116 807,2116 803,2110"/>
          <TextEquiv conf="0.9170064">
            <Unicode>maligna</Unicode>
          </TextEquiv>
        </Word>
        <Word id="region0014_line0034_word0002" custom="readingOrder {index:2;}">
          <Coords points="878,2120 946,2120 946,2141 878,2141"/>
          <TextEquiv conf="0.8903661">
            <Unicode>cum</Unicode>
          </TextEquiv>
        </Word>
        <Word id="region0014_line0034_word0003" custom="readingOrder {index:3;}">
          <Coords points="960,2109 960,2109 960,2152 1094,2153 1094,2113 1065,2113 1062,2109 1042,2109 1040,2113 989,2115 985,2109"/>
          <TextEquiv conf="0.89088714">
            <Unicode>ſingultu</Unicode>
          </TextEquiv>
        </Word>
        <Word id="region0014_line0034_word0004" custom="readingOrder {index:4;}">
          <Coords points="1111,2119 1143,2120 1143,2144 1111,2143"/>
          <TextEquiv conf="0.9281978">
            <Unicode>et</Unicode>
          </TextEquiv>
        </Word>
        <Word id="region0014_line0034_word0005" custom="readingOrder {index:5;}">
          <Coords points="1219,2111 1214,2117 1158,2115 1158,2145 1268,2145 1268,2120 1246,2119 1243,2111"/>
          <TextEquiv conf="0.9184154">
            <Unicode>nauſea</Unicode>
          </TextEquiv>
        </Word>
        <Word id="region0014_line0034_word0006" custom="readingOrder {index:6;}">
          <Coords points="1288,2113 1287,2116 1287,2147 1409,2147 1409,2122 1405,2125 1377,2123 1368,2114 1357,2122 1351,2122 1342,2113"/>
          <TextEquiv>
            <Unicode>affectus</Unicode>
          </TextEquiv>
        </Word>
        <Word id="region0014_line0034_word0007" custom="readingOrder {index:7;}">
          <Coords points="1425,2152 1503,2153 1503,2127 1477,2127 1464,2118 1456,2120 1452,2117 1425,2116"/>
          <TextEquiv conf="0.81365794">
            <Unicode>ſuit;</Unicode>
          </TextEquiv>
        </Word>
        <Word id="region0014_line0034_word0008" custom="readingOrder {index:8;}">
          <Coords points="1523,2147 1775,2149 1775,2135 1709,2134 1700,2133 1693,2125 1682,2125 1676,2132 1649,2131 1642,2122 1630,2122 1622,2131 1614,2132 1529,2130 1523,2128"/>
          <TextEquiv conf="0.74879867">
            <Unicode>exacerbationes</Unicode>
          </TextEquiv>
        </Word>
        <TextEquiv>
          <Unicode>illa maligna cum ſingultu et nauſea affectus ſuit; exacerbationes</Unicode>
        </TextEquiv>
      </TextLine>
      <TextLine id="region0014_line0035" custom="readingOrder {index:33;}">
        <Coords points="1038,2157 1028,2162 1027,2167 1017,2162 1001,2162 999,2168 987,2169 949,2168 942,2158 926,2159 921,2169 875,2169 869,2160 858,2160 849,2170 642,2165 641,2205 771,2207 779,2218 794,2217 801,2208 1157,2208 1223,2210 1229,2216 1246,2218 1250,2218 1254,2212 1275,2212 1577,2223 1611,2229 1653,2228 1665,2225 1813,2226 1812,2185 1809,2182 1800,2182 1793,2188 1716,2187 1711,2177 1700,2176 1690,2186 1605,2182 1565,2183 1550,2182 1544,2172 1531,2172 1524,2182 1509,2182 1485,2181 1480,2172 1465,2171 1457,2182 1360,2176 1352,2165 1338,2165 1331,2173 1228,2171 1222,2159 1206,2158 1198,2167 1054,2167 1049,2158"/>
        <Baseline points="641,2195 1162,2198 1620,2217 1813,2217"/>
        <Word id="region0014_line0035_word0000" custom="readingOrder {index:0;}">
          <Coords points="661,2168 754,2169 753,2191 660,2190"/>
          <TextEquiv conf="0.9010753">
            <Unicode>mane</Unicode>
          </TextEquiv>
        </Word>
        <Word id="region0014_line0035_word0001" custom="readingOrder {index:1;}">
          <Coords points="856,2161 849,2170 774,2168 774,2203 881,2204 881,2169 875,2169 870,2161"/>
          <TextEquiv conf="0.91115814">
            <Unicode>quouis</Unicode>
          </TextEquiv>
        </Word>
        <Word id="region0014_line0035_word0002" custom="readingOrder {index:2;}">
          <Coords points="925,2161 921,2169 904,2169 903,2193 1110,2194 1111,2167 1054,2167 1051,2162 1029,2162 1028,2162 1027,2167 1017,2162 1001,2162 999,2168 987,2169 949,2168 944,2161"/>
          <TextEquiv conf="0.87904257">
            <Unicode>adueniebant</Unicode>
          </TextEquiv>
        </Word>
        <Word id="region0014_line0035_word0003" custom="readingOrder {index:3;}">
          <Coords points="1142,2171 1173,2171 1172,2194 1141,2194"/>
          <TextEquiv conf="0.9036072">
            <Unicode>et</Unicode>
          </TextEquiv>
        </Word>
        <Word id="region0014_line0035_word0004" custom="readingOrder {index:4;}">
          <Coords points="1203,2161 1201,2162 1201,2205 1318,2206 1318,2172 1228,2171 1223,2161"/>
          <TextEquiv conf="0.8523704">
            <Unicode>ſeptem</Unicode>
          </TextEquiv>
        </Word>
        <Word id="region0014_line0035_word0005" custom="readingOrder {index:5;}">
          <Coords points="1340,2197 1428,2197 1428,2180 1360,2176 1352,2165 1340,2165"/>
          <TextEquiv conf="0.84955615">
            <Unicode>horas</Unicode>
          </TextEquiv>
        </Word>
        <Word id="region0014_line0035_word0006" custom="readingOrder {index:6;}">
          <Coords points="1457,2204 1624,2205 1624,2182 1605,2182 1565,2183 1550,2182 1544,2172 1531,2172 1524,2182 1509,2182 1485,2181 1480,2172 1465,2171 1457,2181"/>
          <TextEquiv conf="0.84754807">
            <Unicode>durabant;</Unicode>
          </TextEquiv>
        </Word>
        <Word id="region0014_line0035_word0007" custom="readingOrder {index:7;}">
          <Coords points="1663,2199 1806,2200 1806,2182 1800,2182 1793,2188 1716,2187 1711,2177 1700,2176 1690,2186 1663,2184"/>
          <TextEquiv>
            <Unicode>vrinae</Unicode>
          </TextEquiv>
        </Word>
        <TextEquiv>
          <Unicode>mane quouis adueniebant et ſeptem horas durabant; vrinae</Unicode>
        </TextEquiv>
      </TextLine>
      <TextLine id="region0014_line0036" custom="readingOrder {index:34;}">
        <Coords points="998,2210 989,2215 987,2222 820,2221 814,2211 801,2211 793,2220 646,2218 642,2219 642,2255 777,2260 788,2252 797,2260 953,2262 1056,2260 1088,2263 1092,2266 1140,2262 1236,2263 1244,2264 1250,2273 1266,2273 1273,2265 1282,2266 1335,2268 1361,2277 1372,2277 1385,2272 1486,2274 1524,2277 1528,2280 1571,2276 1574,2280 1589,2287 1622,2287 1632,2278 1676,2277 1686,2278 1692,2285 1700,2288 1711,2288 1719,2279 1793,2281 1804,2271 1804,2245 1799,2240 1655,2238 1650,2229 1636,2228 1610,2230 1607,2237 1601,2238 1592,2228 1580,2228 1574,2237 1500,2236 1498,2228 1490,2222 1478,2222 1468,2235 1461,2235 1454,2225 1431,2225 1422,2221 1373,2221 1361,2229 1332,2228 1327,2227 1320,2217 1302,2220 1298,2217 1289,2217 1280,2227 1252,2226 1249,2219 1232,2218 1224,2214 1218,2216 1214,2222 1153,2222 1145,2211 1104,2210 1098,2220 1056,2221 1050,2211 1036,2211 1032,2214 1017,2212 1012,2216 1006,2210"/>
        <Baseline points="642,2245 1201,2252 1586,2271 1804,2271"/>
        <Word id="region0014_line0036_word0000" custom="readingOrder {index:0;}">
          <Coords points="659,2224 748,2225 748,2247 659,2246"/>
          <TextEquiv conf="0.8547368">
            <Unicode>erant</Unicode>
          </TextEquiv>
        </Word>
        <Word id="region0014_line0036_word0001" custom="readingOrder {index:1;}">
          <Coords points="794,2218 793,2220 766,2219 766,2250 876,2251 876,2221 820,2221 818,2218"/>
          <TextEquiv conf="0.7487776">
            <Unicode>rubrae</Unicode>
          </TextEquiv>
        </Word>
        <Word id="region0014_line0036_word0002" custom="readingOrder {index:2;}">
          <Coords points="899,2228 931,2228 931,2251 899,2251"/>
          <TextEquiv conf="0.87933344">
            <Unicode>et</Unicode>
          </TextEquiv>
        </Word>
        <Word id="region0014_line0036_word0003" custom="readingOrder {index:3;}">
          <Coords points="988,2216 987,2222 946,2221 946,2256 1104,2257 1104,2217 1099,2216 1098,2220 1056,2221 1053,2216"/>
          <TextEquiv>
            <Unicode>turbidae;</Unicode>
          </TextEquiv>
        </Word>
        <Word id="region0014_line0036_word0004" custom="readingOrder {index:4;}">
          <Coords points="1126,2217 1126,2251 1207,2252 1207,2222 1153,2222 1149,2217"/>
          <TextEquiv conf="0.8988919">
            <Unicode>feces</Unicode>
          </TextEquiv>
        </Word>
        <Word id="region0014_line0036_word0005" custom="readingOrder {index:5;}">
          <Coords points="1222,2219 1222,2261 1373,2262 1373,2221 1361,2229 1332,2228 1327,2227 1322,2220 1305,2220 1302,2220 1301,2220 1287,2219 1280,2227 1252,2226 1249,2219"/>
          <TextEquiv conf="0.8936707">
            <Unicode>liquidae,</Unicode>
          </TextEquiv>
        </Word>
        <Word id="region0014_line0036_word0006" custom="readingOrder {index:6;}">
          <Coords points="1399,2259 1540,2260 1540,2236 1500,2236 1498,2228 1490,2222 1478,2222 1468,2235 1461,2235 1454,2225 1431,2225 1422,2221 1399,2221"/>
          <TextEquiv>
            <Unicode>bilioſae;</Unicode>
          </TextEquiv>
        </Word>
        <Word id="region0014_line0036_word0007" custom="readingOrder {index:7;}">
          <Coords points="1563,2264 1684,2265 1684,2238 1655,2238 1650,2229 1636,2228 1610,2230 1607,2237 1601,2238 1592,2228 1580,2228 1574,2237 1563,2236"/>
          <TextEquiv conf="0.90715057">
            <Unicode>vigiliae</Unicode>
          </TextEquiv>
        </Word>
        <Word id="region0014_line0036_word0008" custom="readingOrder {index:8;}">
          <Coords points="1698,2264 1766,2265 1766,2239 1698,2238"/>
          <TextEquiv conf="0.8891867">
            <Unicode>per-</Unicode>
          </TextEquiv>
        </Word>
        <TextEquiv>
          <Unicode>erant rubrae et turbidae; feces liquidae, bilioſae; vigiliae per-</Unicode>
        </TextEquiv>
      </TextLine>
      <TextLine id="region0014_line0037" custom="readingOrder {index:35;}">
        <Coords points="785,2253 777,2261 775,2272 708,2269 642,2270 642,2318 673,2318 693,2310 722,2310 770,2314 777,2318 789,2315 849,2315 861,2324 877,2325 889,2316 902,2315 1102,2313 1109,2314 1115,2323 1132,2324 1138,2315 1177,2314 1196,2316 1213,2325 1221,2324 1226,2317 1249,2317 1349,2322 1385,2329 1453,2326 1530,2327 1536,2336 1550,2336 1558,2328 1796,2333 1808,2325 1808,2299 1805,2295 1737,2293 1735,2287 1729,2282 1717,2284 1713,2291 1692,2291 1688,2283 1673,2280 1660,2281 1653,2290 1591,2289 1572,2279 1566,2282 1564,2288 1509,2288 1501,2278 1489,2279 1484,2287 1472,2287 1470,2280 1465,2276 1403,2276 1385,2273 1381,2275 1380,2282 1369,2282 1336,2280 1329,2271 1319,2271 1311,2279 1304,2271 1292,2271 1286,2279 1242,2277 1238,2268 1225,2267 1217,2276 1198,2276 1196,2269 1189,2264 1174,2264 1163,2275 1069,2274 1059,2273 1052,2266 1035,2266 1027,2273 1020,2274 921,2275 915,2267 902,2266 896,2275 841,2275 840,2267 835,2262 797,2261"/>
        <Baseline points="642,2305 687,2300 1189,2305 1393,2317 1808,2323"/>
        <Word id="region0014_line0037_word0000" custom="readingOrder {index:0;}">
          <Coords points="656,2298 787,2299 787,2267 775,2266 775,2272 708,2269 656,2269"/>
          <TextEquiv conf="0.87296903">
            <Unicode>petuae;</Unicode>
          </TextEquiv>
        </Word>
        <Word id="region0014_line0037_word0001" custom="readingOrder {index:1;}">
          <Coords points="809,2304 928,2305 928,2274 921,2275 915,2267 902,2266 896,2275 841,2275 840,2267 835,2262 809,2261"/>
          <TextEquiv conf="0.9049656">
            <Unicode>ſanguis</Unicode>
          </TextEquiv>
        </Word>
        <Word id="region0014_line0037_word0002" custom="readingOrder {index:2;}">
          <Coords points="943,2293 1092,2294 1092,2274 1069,2274 1059,2273 1052,2266 1035,2266 1027,2273 1020,2274 943,2274"/>
          <TextEquiv conf="0.91264784">
            <Unicode>extractus</Unicode>
          </TextEquiv>
        </Word>
        <Word id="region0014_line0037_word0003" custom="readingOrder {index:3;}">
          <Coords points="1109,2303 1190,2304 1190,2264 1189,2264 1174,2264 1163,2275 1109,2274"/>
          <TextEquiv conf="0.8911857">
            <Unicode>quaſi</Unicode>
          </TextEquiv>
        </Word>
        <Word id="region0014_line0037_word0004" custom="readingOrder {index:4;}">
          <Coords points="1204,2304 1398,2305 1398,2275 1385,2273 1381,2275 1380,2282 1369,2282 1336,2280 1329,2271 1319,2271 1311,2279 1304,2271 1292,2271 1286,2279 1242,2277 1238,2268 1225,2267 1217,2276 1204,2276"/>
          <TextEquiv conf="0.56461686">
            <Unicode>pleuriticus;</Unicode>
          </TextEquiv>
        </Word>
        <Word id="region0014_line0037_word0005" custom="readingOrder {index:5;}">
          <Coords points="1423,2298 1515,2299 1515,2288 1509,2288 1501,2278 1489,2279 1484,2287 1472,2287 1470,2280 1465,2276 1423,2276"/>
          <TextEquiv conf="0.860275">
            <Unicode>febris</Unicode>
          </TextEquiv>
        </Word>
        <Word id="region0014_line0037_word0006" custom="readingOrder {index:6;}">
          <Coords points="1532,2307 1638,2308 1638,2289 1591,2289 1572,2279 1566,2282 1564,2288 1532,2288"/>
          <TextEquiv conf="0.89165235">
            <Unicode>quinta</Unicode>
          </TextEquiv>
        </Word>
        <Word id="region0014_line0037_word0007" custom="readingOrder {index:7;}">
          <Coords points="1655,2299 1705,2299 1705,2291 1692,2291 1688,2283 1673,2280 1660,2281 1655,2287"/>
          <TextEquiv conf="0.9039874">
            <Unicode>die</Unicode>
          </TextEquiv>
        </Word>
        <Word id="region0014_line0037_word0008" custom="readingOrder {index:8;}">
          <Coords points="1721,2300 1766,2301 1766,2293 1737,2293 1735,2287 1729,2282 1721,2283"/>
          <TextEquiv conf="0.91881806">
            <Unicode>in-</Unicode>
          </TextEquiv>
        </Word>
        <TextEquiv conf="0.857902">
          <Unicode>petuae; ſanguis extractus quaſi pleuriticus; febris quinta die in-</Unicode>
        </TextEquiv>
      </TextLine>
      <TextLine id="region0014_line0038" custom="readingOrder {index:36;}">
        <Coords points="689,2314 674,2319 672,2322 642,2323 642,2360 871,2366 906,2374 909,2374 913,2367 1212,2368 1399,2378 1545,2380 1570,2385 1619,2382 1809,2384 1813,2381 1812,2345 1723,2343 1718,2334 1697,2334 1688,2343 1665,2343 1660,2333 1647,2333 1641,2336 1636,2330 1577,2329 1573,2332 1570,2340 1487,2339 1481,2331 1469,2332 1463,2340 1434,2340 1311,2331 1258,2330 1245,2319 1233,2320 1227,2330 1215,2330 1212,2325 1196,2317 1191,2317 1183,2328 1104,2327 1097,2319 1075,2319 1068,2328 984,2328 978,2320 966,2319 962,2322 925,2318 911,2318 903,2327 837,2327 831,2326 825,2317 810,2316 804,2324 780,2324 770,2315 759,2315 750,2324 721,2323 714,2314 704,2314 696,2322"/>
        <Baseline points="642,2350 1813,2375"/>
        <Word id="region0014_line0038_word0000" custom="readingOrder {index:0;}">
          <Coords points="673,2320 672,2322 656,2322 656,2350 727,2351 727,2323 721,2323 719,2320 697,2320 696,2322 694,2320"/>
          <TextEquiv conf="0.90100867">
            <Unicode>uitis</Unicode>
          </TextEquiv>
        </Word>
        <Word id="region0014_line0038_word0001" custom="readingOrder {index:1;}">
          <Coords points="753,2322 752,2353 868,2354 868,2327 837,2327 831,2326 828,2322 805,2322 804,2324 780,2324 778,2322"/>
          <TextEquiv conf="0.9105416">
            <Unicode>duabus</Unicode>
          </TextEquiv>
        </Word>
        <Word id="region0014_line0038_word0002" custom="readingOrder {index:2;}">
          <Coords points="906,2323 903,2327 894,2327 894,2363 1110,2364 1110,2327 1104,2327 1101,2323 1071,2323 1068,2328 984,2328 980,2323"/>
          <TextEquiv conf="0.83210367">
            <Unicode>phlebotomiis</Unicode>
          </TextEquiv>
        </Word>
        <Word id="region0014_line0038_word0003" custom="readingOrder {index:3;}">
          <Coords points="1187,2321 1183,2328 1137,2327 1137,2356 1287,2357 1287,2330 1258,2330 1248,2321 1232,2321 1227,2330 1215,2330 1212,2325 1204,2321"/>
          <TextEquiv>
            <Unicode>creſcebat</Unicode>
          </TextEquiv>
        </Word>
        <Word id="region0014_line0038_word0004" custom="readingOrder {index:4;}">
          <Coords points="1318,2335 1318,2355 1387,2355 1387,2336 1365,2335"/>
          <TextEquiv conf="0.89849967">
            <Unicode>cum</Unicode>
          </TextEquiv>
        </Word>
        <Word id="region0014_line0038_word0005" custom="readingOrder {index:5;}">
          <Coords points="1410,2364 1580,2366 1580,2329 1577,2329 1573,2332 1570,2340 1487,2339 1481,2331 1469,2332 1463,2340 1434,2340 1410,2338"/>
          <TextEquiv conf="0.86035293">
            <Unicode>anxietate,</Unicode>
          </TextEquiv>
        </Word>
        <Word id="region0014_line0038_word0006" custom="readingOrder {index:6;}">
          <Coords points="1604,2359 1763,2360 1763,2343 1723,2343 1718,2334 1697,2334 1688,2343 1665,2343 1660,2333 1647,2333 1641,2336 1636,2330 1604,2329"/>
          <TextEquiv conf="0.92800665">
            <Unicode>ſudoribus</Unicode>
          </TextEquiv>
        </Word>
        <TextEquiv>
          <Unicode>uitis duabus phlebotomiis creſcebat cum anxietate, ſudoribus</Unicode>
        </TextEquiv>
      </TextLine>
      <TextLine id="region0014_line0039" custom="readingOrder {index:37;}">
        <Coords points="1034,2369 1027,2372 1021,2381 1007,2383 966,2381 959,2372 949,2372 942,2380 908,2381 907,2375 903,2373 885,2370 878,2381 866,2382 834,2380 827,2371 817,2370 807,2378 803,2370 789,2369 783,2377 775,2368 766,2368 758,2376 642,2376 642,2414 894,2420 905,2421 911,2428 931,2426 938,2420 1083,2420 1298,2425 1309,2434 1325,2434 1332,2426 1442,2432 1682,2436 1813,2434 1813,2398 1699,2395 1692,2386 1679,2388 1675,2395 1661,2396 1642,2395 1638,2386 1624,2384 1557,2386 1545,2382 1487,2382 1482,2386 1480,2393 1445,2393 1390,2390 1388,2381 1383,2377 1369,2377 1359,2388 1351,2387 1343,2378 1333,2378 1326,2386 1276,2384 1207,2381 1199,2372 1190,2372 1182,2380 1174,2372 1164,2372 1157,2381 1130,2382 1087,2381 1082,2372 1067,2371 1061,2381 1052,2381 1046,2371"/>
        <Baseline points="642,2405 1813,2425"/>
        <Word id="region0014_line0039_word0000" custom="readingOrder {index:0;}">
          <Coords points="655,2382 716,2383 716,2405 655,2404"/>
          <TextEquiv conf="0.9229289">
            <Unicode>non</Unicode>
          </TextEquiv>
        </Word>
        <Word id="region0014_line0039_word0001" custom="readingOrder {index:1;}">
          <Coords points="759,2374 758,2376 733,2376 733,2405 858,2406 858,2381 834,2380 829,2374 811,2374 807,2378 805,2374 784,2374 783,2377 780,2374"/>
          <TextEquiv>
            <Unicode>criticis:</Unicode>
          </TextEquiv>
        </Word>
        <Word id="region0014_line0039_word0002" custom="readingOrder {index:2;}">
          <Coords points="883,2372 883,2373 883,2415 1011,2416 1011,2382 1007,2383 966,2381 959,2372 948,2372 942,2380 908,2381 907,2375 903,2373 897,2372"/>
          <TextEquiv conf="0.49681988">
            <Unicode>ſeptimo</Unicode>
          </TextEquiv>
        </Word>
        <Word id="region0014_line0039_word0003" custom="readingOrder {index:3;}">
          <Coords points="1026,2374 1026,2407 1116,2407 1116,2381 1087,2381 1083,2374 1065,2374 1061,2381 1052,2381 1047,2374"/>
          <TextEquiv conf="0.9102772">
            <Unicode>ſudor</Unicode>
          </TextEquiv>
        </Word>
        <Word id="region0014_line0039_word0004" custom="readingOrder {index:4;}">
          <Coords points="1160,2376 1157,2381 1133,2381 1133,2408 1252,2408 1252,2382 1207,2381 1202,2376 1186,2376 1182,2380 1178,2376"/>
          <TextEquiv>
            <Unicode>criticus</Unicode>
          </TextEquiv>
        </Word>
        <Word id="region0014_line0039_word0005" custom="readingOrder {index:5;}">
          <Coords points="1274,2417 1411,2418 1411,2391 1390,2390 1388,2381 1383,2377 1369,2377 1359,2388 1351,2387 1343,2378 1333,2378 1326,2386 1276,2384 1274,2383"/>
          <TextEquiv>
            <Unicode>copioſus</Unicode>
          </TextEquiv>
        </Word>
        <Word id="region0014_line0039_word0006" custom="readingOrder {index:6;}">
          <Coords points="1427,2410 1551,2411 1551,2384 1545,2382 1487,2382 1482,2386 1480,2393 1445,2393 1427,2392"/>
          <TextEquiv>
            <Unicode>acceſſit.</Unicode>
          </TextEquiv>
        </Word>
        <Word id="region0014_line0039_word0007" custom="readingOrder {index:7;}">
          <Coords points="1603,2411 1640,2411 1640,2390 1638,2386 1624,2384 1603,2384"/>
          <TextEquiv conf="0.8757626">
            <Unicode>In</Unicode>
          </TextEquiv>
        </Word>
        <Word id="region0014_line0039_word0008" custom="readingOrder {index:8;}">
          <Coords points="1665,2412 1763,2413 1763,2396 1699,2395 1692,2386 1679,2388 1675,2395 1665,2395"/>
          <TextEquiv conf="0.90696305">
            <Unicode>altero</Unicode>
          </TextEquiv>
        </Word>
        <TextEquiv>
          <Unicode>non criticis: ſeptimo ſudor criticus copioſus acceſſit. In altero</Unicode>
        </TextEquiv>
      </TextLine>
      <TextLine id="region0014_line0040" custom="readingOrder {index:38;}">
        <Coords points="756,2419 752,2422 750,2431 642,2430 642,2464 659,2464 660,2472 665,2477 688,2479 717,2478 730,2470 1049,2471 1050,2479 1055,2484 1066,2483 1073,2473 1323,2477 1363,2479 1363,2486 1368,2491 1409,2491 1416,2489 1421,2482 1469,2484 1474,2492 1491,2492 1498,2484 1556,2484 1573,2485 1574,2491 1580,2496 1624,2496 1629,2494 1633,2487 1798,2487 1804,2481 1804,2456 1799,2451 1706,2447 1700,2437 1681,2436 1620,2437 1613,2446 1527,2445 1516,2444 1508,2435 1499,2435 1490,2443 1458,2440 1452,2434 1440,2434 1427,2440 1411,2442 1345,2437 1257,2437 1255,2429 1250,2425 1220,2424 1184,2424 1179,2428 1173,2423 1159,2423 1150,2435 1104,2432 1098,2425 1089,2425 1081,2432 1048,2435 1028,2433 1026,2427 1020,2423 1008,2423 995,2433 935,2433 932,2427 915,2427 909,2433 875,2433 811,2431 809,2424 804,2420"/>
        <Baseline points="642,2456 669,2456 683,2465 1074,2461 1598,2479 1804,2477"/>
        <Word id="region0014_line0040_word0000" custom="readingOrder {index:0;}">
          <Coords points="741,2467 741,2435 647,2434 647,2464 659,2464 659,2466"/>
          <TextEquiv conf="0.83742744">
            <Unicode>aegro</Unicode>
          </TextEquiv>
        </Word>
        <Word id="region0014_line0040_word0001" custom="readingOrder {index:1;}">
          <Coords points="762,2426 762,2459 850,2460 850,2432 811,2431 809,2426"/>
          <TextEquiv>
            <Unicode>febre</Unicode>
          </TextEquiv>
        </Word>
        <Word id="region0014_line0040_word0002" custom="readingOrder {index:2;}">
          <Coords points="912,2429 909,2433 875,2433 872,2432 872,2460 979,2461 979,2433 935,2433 933,2429"/>
          <TextEquiv conf="0.87936">
            <Unicode>eadem</Unicode>
          </TextEquiv>
        </Word>
        <Word id="word_1658131582463_2979" custom="readingOrder {index:3;}">
          <Coords points="1001,2428 1087,2427 1100,2427 1185,2428 1185,2461 1059,2472 1049,2472 1000,2470 1000,2429"/>
          <TextEquiv>
            <Unicode>ſingultuoſa</Unicode>
          </TextEquiv>
        </Word>
        <Word id="region0014_line0040_word0005" custom="readingOrder {index:4;}">
          <Coords points="1211,2429 1211,2464 1369,2465 1369,2438 1345,2437 1257,2437 1255,2429"/>
          <TextEquiv conf="0.8274057">
            <Unicode>laborante</Unicode>
          </TextEquiv>
        </Word>
        <Word id="region0014_line0040_word0006" custom="readingOrder {index:5;}">
          <Coords points="1391,2472 1457,2473 1457,2439 1452,2434 1440,2434 1427,2440 1411,2442 1391,2440"/>
          <TextEquiv conf="0.920887">
            <Unicode>poſt</Unicode>
          </TextEquiv>
        </Word>
        <Word id="region0014_line0040_word0007" custom="readingOrder {index:6;}">
          <Coords points="1479,2472 1580,2473 1580,2445 1527,2445 1516,2444 1508,2435 1499,2435 1490,2443 1479,2441"/>
          <TextEquiv conf="0.7730758">
            <Unicode>plures</Unicode>
          </TextEquiv>
        </Word>
        <Word id="region0014_line0040_word0008" custom="readingOrder {index:7;}">
          <Coords points="1603,2474 1762,2475 1762,2449 1706,2447 1700,2437 1681,2436 1620,2437 1613,2446 1603,2445"/>
          <TextEquiv>
            <Unicode>phleboto-</Unicode>
          </TextEquiv>
        </Word>
        <TextEquiv>
          <Unicode>aegro febre eadem ſingultuoſa laborante poſt plures phleboto-</Unicode>
        </TextEquiv>
      </TextLine>
      <TextEquiv>
        <Unicode>botomiam et bechica ſudorem foetidum effundebant, liberaban-&#13;
tur; plurimi inedia conſumebantur.&#13;
Condomi vlceroſa erat angina cum ptyaliſmo et petechiis;&#13;
diarrhoea vel ſpontanea, vel artificialis, et nitrum ꝑrofuere. Af-&#13;
finis erat cynanchae malignae Strauſſii, ſeu laqueo Aëtii. Differt&#13;
haec ſpecies a purpura, quod maculae cutis in amphimerina ſint&#13;
accidentales, regioni calidiori tribuendae. Vide Purpuram.&#13;
Germani catarrhalem malignam ſaepe nominant amphime-&#13;
rinam, in qua ne minimum eſt catarrhi ſymptoma, notante&#13;
Brendelio; ſaltem ſtillae narium, epiphora, horror a principio&#13;
diuerſo pendent.&#13;
Amphimerinae malignae, nec non tritaeophyae, ſunt mor-&#13;
bi, apud nos minime rari, ſed qui nomine generico ſebrium pu-&#13;
tridarum, aut malignarum, confunduntur; illae ſiquidem, quae&#13;
alternis tantum diebus exacerbantur, cum exiguo, aut nullo, fri-&#13;
gore, praeter initium morbi, ſunt tritaeophyae; quae vero ſingulis&#13;
diebus exacerbantur paroxyſmis ſubſimilibus ſunt amphimerinae,&#13;
et paroxyſmis, alternis frigore maiori ſtipatis, ſunt hemitritaei.&#13;
Legi meretur, quod ſcripſit de hemitritaeis et tritaeophyis Ba-&#13;
gliuius, lib. I. pag. 59.&#13;
13. Amphimerina tuſſiculoſa; Fiévre vermineuſe, et catar-&#13;
rhale des enfans; coqueluche des enfans. A. B.&#13;
Anno 1751 menſe Junio et anno 1760 menſe Maio, vi-&#13;
guit epidemice inter infantes haec febris, quotidie exacerbans&#13;
cum ſputo ſanguinis, tuſſi ferina, in qua fere ſuffocantur, lum-&#13;
bricos reiiciunt.&#13;
Curatur eatharticis vermifugis, per alternas dies repetitis.&#13;
Vide Tuſſim clangoſam.&#13;
14. Amphimerina ſingultuoſa; febris continua et maligna&#13;
Riverii cent. I. obſeru. 47. idem obſ. 78. centur. 3; Singultus,&#13;
febris Iyngodes Walſchmidii; Fiévre maligne avec boquet A. P.&#13;
Epiſcopus Nemauſenſis anno 1629 quinquagenarius febri&#13;
illa maligna cum ſingultu et nauſea affectus ſuit; exacerbationes&#13;
mane quouis adueniebant et ſeptem horas durabant; vrinae&#13;
erant rubrae et turbidae; feces liquidae, bilioſae; vigiliae per-&#13;
petuae; ſanguis extractus quaſi pleuriticus; febris quinta die in-&#13;
uitis duabus phlebotomiis creſcebat cum anxietate, ſudoribus&#13;
non criticis: ſeptimo ſudor criticus copioſus acceſſit. In altero&#13;
aegro febre eadem ſingultuoſa laborante poſt plures phleboto-</Unicode>
      </TextEquiv>
    </TextRegion>
  </Page>
</PcGts>
