2488 2944
279 600 404 651 dente
416 583 622 646 Iaboranti
622 579 813 640 eccleſiæ
824 578 935 641 dedit
949 579 1221 631 acceſſiones.

279 657 518 726 Juſtitiam,
538 655 617 718 qva
634 642 815 705 mortales
833 639 950 714 rebus
974 639 1221 705 mortalibus

280 719 472 777 addictos
489 709 650 780 punivit
666 707 734 779 per
755 707 951 775 ipſamet,
974 706 1131 762 qvibus
1151 703 1221 764 fu-

284 769 417 830 erunt
417 761 635 829 addicti.

431 890 931 1006 SECVLVM
992 890 1098 995 X.

296 1076 371 1155 1.
412 1065 619 1156 Eccleſia
623 1054 795 1155 ſtatus
806 1045 880 1139 &
888 1042 1224 1146 propagatio.

732 1182 775 1241 §.
804 1184 837 1250 I.

302 1256 536 1510 E

538 1250 716 1303 Ccleſiæ
725 1232 857 1301 ſtatus
872 1232 1010 1299 infelix
1022 1244 1119 1287 erat
1138 1241 1234 1282 imo

540 1294 869 1362 infeliciſſimus.
896 1297 968 1367 [a]
997 1296 1060 1358 In
1076 1291 1242 1337 oriente

545 1348 709 1419 qvidem
729 1352 809 1399 ſub
833 1330 998 1396 Leone
1007 1346 1084 1392 VI.
1096 1345 1245 1387 literæ

544 1408 783 1472 florebant,
799 1413 869 1457 ſed
877 1405 1067 1455 eccleſiæ
1083 1404 1159 1466 ſub
1171 1404 1254 1451 Sa-

546 1480 715 1525 racenis
722 1467 980 1531 gemebant,
987 1473 1080 1511 non
1090 1468 1248 1522 parum

303 1520 454 1584 etiam
465 1517 520 1578 ab
524 1522 762 1583 hæreſibus
768 1525 845 1577 [b]
850 1519 1055 1565 adflictæ
1079 1524 1107 1560 &
1114 1510 1248 1558 diffi-

308 1589 427 1636 diis.
438 1585 717 1642 Iconodulia
722 1589 930 1630 præterea
959 1573 1132 1620 reducta
1154 1585 1249 1622 cum

313 1662 553 1712 acceſſione
568 1650 747 1705 aliarum
747 1639 1141 1712 ſuperſtitionum,
1160 1647 1251 1683 am-

312 1713 490 1766 bitionis
501 1709 540 1766 &
555 1699 821 1766 ignorantiæ.
844 1698 897 1745 In
917 1692 1128 1745 occidente
1155 1694 1264 1750 præ-

316 1777 386 1831 ter
379 1767 510 1848 mala
510 1763 630 1830 illata
630 1762 686 1832 ab
693 1761 931 1820 Arabibus,
942 1754 1264 1816 Nordmannis,

314 1846 457 1889 Danis
472 1843 507 1871 &
527 1834 763 1869 Hungaris,
795 1839 846 1866 ea
866 1819 935 1865 fuit
953 1828 989 1869 in
1018 1825 1180 1859 eccleſia
1202 1827 1259 1863 re-

324 1912 411 1941 rum
435 1895 579 1936 facies,
592 1897 632 1933 ut
645 1891 676 1929 in
711 1886 894 1926 doctrina
918 1888 1259 1932 corruptionem,

320 1949 369 2016 in
369 1946 498 2014 cultu
498 1942 815 2007 idololatriam,
831 1945 891 1990 in
891 1944 1066 1993 ritibus
1066 1944 1264 2005 ſuperſti-

325 2018 517 2058 tionem,
513 2009 582 2058 in
582 2007 698 2058 clero
709 2008 747 2055 &
757 1999 992 2058 monachis
1008 1997 1187 2049 ſolutam
1202 1990 1264 2042 di-

676 2061 846 2123 Ll3

1136 2059 1264 2122 ſcipli.

368 2202 440 2240 (a)
452 2190 617 2233 Baron.ad
628 2177 777 2224 ann.Chr.
796 2181 975 2223 908ſ.3.[b]
989 2163 1103 2217 Elmac.
1109 2156 1277 2209 Hiſt.Sac.

432 2255 473 2298 p.
479 2247 547 2287 208,
552 2247 690 2281 229.ſeq.
702 2241 774 2278 246.
