2481 2949
522 517 624 565 DE
624 517 841 565 SERVIS
841 517 1131 565 VETERVM
1131 517 1439 565 FATIDICIS

1626 518 1704 558 VII

491 611 562 635 non
575 595 678 634 habeo
701 595 844 646 denique
855 597 961 633 nauci
973 598 1139 646 Marſum
1155 607 1335 650 augurem,

488 662 559 682 non
587 652 732 683 vicanos
749 642 954 692 baruſpices,
965 655 1036 684 non
1055 648 1096 685 de
1112 650 1204 686 circo
1224 648 1427 699 aſtrologos,

488 714 559 735 non
570 705 690 745 Iſiacos
704 698 918 739 coniectores,
978 714 1204 739 ----

269 770 441 818 inprimis
460 767 716 824 Telmiſſenſes,
733 768 767 805 de
776 764 916 815 quibus
962 774 1161 810 ARRIANVS
1173 776 1206 820 t)
1219 770 1403 824 perhibet,
1415 770 1486 813 eſſe
1498 785 1563 812 eos
1573 769 1694 822 σοΦȣς

269 835 318 855 τὰ
342 835 425 856 ϑϵῖα
454 824 641 866 ἐξηγϵῖοϑαι
665 819 719 863 καί
754 816 875 864 σΦίσιν
905 816 983 855 ἀπὸ
1017 820 1116 864 γένȣς
1148 821 1299 872 δϵδόοϑαι
1335 829 1449 862 ἀυτοῖς
1475 827 1528 879 καί
1555 824 1691 871 γυναιξι

285 899 320 938 καί
323 887 456 929 παισὶ
479 873 534 923 τὴν
560 866 745 909 μαντϵίαν,
774 860 996 914 peritiſſimos
1014 865 1262 914 prodigiorum
1277 882 1484 918 interpretes
1508 882 1541 905 et
1562 882 1694 905 vatici-

272 931 387 961 nandi
400 924 585 964 ſcientiam
601 917 680 968 ipſis
694 920 833 970 pariter
847 923 952 969 atque
965 917 1137 959 vxoribus
1153 928 1188 959 et
1199 921 1319 961 liberis
1341 929 1484 973 inſitam
1501 926 1571 972 eſſe.
1627 926 1694 962 At-

273 990 351 1021 que
370 988 417 1007 ex
440 977 507 1007 iſta
523 981 659 1023 gente,
691 979 942 1011 PLVTARCHO
961 973 1008 1019 u)
1031 972 1146 1020 teſte,
1182 974 1389 1015 Alexandri
1411 980 1552 1026 Magni
1576 991 1691 1019 vates,

276 1060 577 1091 ARISTANDER,
602 1025 695 1076 fuit,
733 1023 844 1065 cuius
881 1023 1082 1076 aliquoties
1112 1027 1216 1078 apud
1247 1028 1426 1071 Curtium
1457 1033 1496 1068 fit
1526 1032 1691 1074 mentio,

269 1088 495 1132 peritiſſimus
511 1084 564 1119 ille
584 1086 733 1131 vatum,
758 1089 798 1119 vt
819 1079 920 1119 idem
942 1086 1071 1117 auctor
1087 1091 1175 1121 eum
1192 1083 1285 1123 dicit
1304 1088 1358 1133 x)
1383 1092 1420 1122 et
1442 1082 1506 1121 cui
1528 1085 1693 1124 maxima

277 1145 370 1169 fides
395 1142 439 1168 ab
456 1134 675 1171 Alexandro
696 1127 915 1171 habebatur.
935 1129 983 1180 y)
1034 1130 1177 1179 Neque
1198 1145 1291 1171 vero
1310 1133 1497 1175 minorem
1522 1132 1564 1173 in
1588 1133 1692 1175 diui-

275 1201 406 1216 nando
426 1195 686 1217 auctoritatem
712 1183 814 1231 Syri,
854 1178 1019 1227 Cilices,
1042 1179 1207 1225 Arabes,
1252 1182 1397 1223 Etruſci
1418 1197 1563 1224 veteres
1600 1187 1693 1222 olim

278 1245 504 1280 comparaſſe
521 1242 588 1269 ſibi
600 1239 791 1269 videntur.
844 1231 905 1271 Sic
919 1224 1136 1271 Alexander
1151 1240 1298 1281 praeter
1308 1235 1571 1274 Ariſtandrum
1583 1239 1696 1273 alios-

278 1330 356 1361 que
384 1314 514 1359 vates,
544 1308 675 1353 Syram
697 1282 890 1334 quandam
911 1281 1110 1323 mulierem
1141 1285 1333 1326 fatidicam
1361 1290 1462 1337 apud
1487 1291 1523 1327 ſe
1548 1293 1681 1329 habuit.

274 1353 506 1409 Ἀϱιϛόβȣλος,
522 1339 659 1366 inquit
686 1340 936 1369 ARRIANVS,
961 1329 1013 1374 z)
1049 1323 1113 1365 ὧδε
1144 1329 1340 1381 ἀνέγραψε·
1393 1339 1503 1381 Σύϱαν
1537 1351 1691 1398 γυναῖκα

276 1400 478 1456 ἐΦομαϱτϵῖν
510 1388 733 1432 Ἀλεξάνδϱω,
774 1387 923 1428 κάτοχον
950 1384 990 1421 ἐκ
1028 1382 1074 1422 τȣ̃
1103 1382 1184 1422 ϑϵῖȣ
1216 1390 1436 1434 γιγοομένην,
1469 1393 1693 1434 Ariſtobulus

277 1462 403 1475 auctor
428 1448 495 1484 eſt,
511 1433 706 1483 mulierem
722 1435 917 1488 quamdam
940 1436 1085 1488 Syram,
1108 1440 1254 1477 numine
1277 1446 1501 1491 correptam,
1528 1442 1694 1482 Alexan-

276 1510 382 1545 drum
397 1502 595 1554 ſequutam.
646 1488 752 1542 ldem
774 1488 822 1531 de
841 1489 972 1532 Mario
990 1489 1102 1530 refert
1122 1501 1436 1533 PLVTARCHVS:
1459 1494 1504 1539 a)
1529 1491 1584 1538 καί
1616 1493 1694 1544 γὰϱ

277 1566 357 1610 τινα
376 1565 483 1601 Σύϱαν
514 1546 689 1590 γυναῖκα,
733 1535 873 1595 Μάϱθαν
898 1536 1018 1589 ὄνομα,
1044 1538 1260 1590 μαντέυεϑαι
1284 1540 1487 1596 λεγομένην,
1519 1546 1548 1585 ἐν
1575 1545 1696 1596 Φορϵίω

278 1621 533 1663 κατακϵιμένην,
557 1601 688 1655 σεμνῶς
701 1600 902 1656 πεϱιήγετο,
927 1598 1046 1637 etenim
1065 1596 1182 1647 Syram
1200 1601 1411 1649 quamdam,
1437 1600 1578 1640 nomine
1588 1594 1696 1642 Mar-

279 1663 403 1715 tham,
429 1676 519 1717 quae
534 1666 715 1707 dicebatur
739 1651 956 1707 vaticinari,
979 1653 1019 1691 in
1046 1651 1170 1690 lectica
1187 1650 1359 1705 poſitam,
1384 1655 1469 1697 caſte
1484 1652 1606 1705 ſecum
1630 1654 1696 1693 du-

278 1718 362 1745 xit,
391 1725 438 1739 ex
456 1725 536 1752 quo
553 1712 667 1742 effato
690 1719 778 1744 vera
798 1713 1017 1745 FRONTINI
1039 1704 1082 1749 b)
1106 1701 1221 1744 lectio
1246 1705 1393 1747 reſtitui
1417 1697 1562 1760 poteſt,
1592 1704 1696 1760 apud

278 1776 396 1804 quem
406 1770 501 1794 haec
509 1767 629 1795 Marii
639 1774 742 1795 vates
754 1771 801 1796 ex
810 1755 947 1811 Scythia
955 1753 1065 1797 fuiſſe
1077 1755 1229 1799 dicitur.
1247 1758 1285 1800 C.
1294 1758 1439 1800 Marius
1438 1763 1572 1812 ſagam
1582 1775 1697 1812 quan-

276 1828 364 1844 dam
390 1826 436 1843 ex
466 1820 608 1858 Scythia
633 1819 777 1856 habuit,
814 1827 836 1846 a
857 1817 927 1860 qua
936 1802 977 1855 ſe
999 1807 1274 1848 dimicationum
1307 1819 1448 1849 euentus
1477 1818 1694 1863 praediſcere

277 1877 476 1922 ſimulabat.
529 1883 602 1923 Pro
627 1878 770 1932 Scythia
785 1864 902 1916 igitur
927 1861 1136 1914 legendum
1152 1868 1276 1914 Syria,
1297 1878 1337 1903 vt
1358 1876 1461 1905 recte
1478 1880 1694 1908 IOSEPHVS

277 1942 420 1971 WASSE
441 1933 483 1983 c)
510 1930 749 1985 obſeruauit,
775 1926 876 1981 quae
892 1915 1004 1956 lectio
1021 1922 1126 1953 tanto
1143 1917 1314 1965 profecto
1331 1920 1385 1956 eſt
1404 1917 1559 1962 certior,
1589 1919 1698 1969 quod

278 1983 433 2022 codices
458 1995 540 2022 non
558 1985 720 2025 deſunt,
742 1983 785 2022 in
805 1971 945 2034 quibus
964 1963 1095 2006 diſerte
1116 1964 1211 2005 haec
1233 1968 1351 2008 Marii
1386 1967 1487 2007 ſocia
1509 1969 1599 2021 Syra
1622 1982 1694 2008 vo-

278 2036 397 2050 catur.
427 2025 475 2057 d)
527 2024 697 2055 Cilicum
710 2036 761 2068 et
776 2022 946 2062 Arabum
969 2015 1012 2055 in
1044 2012 1257 2057 diuinando
1280 2014 1477 2058 ſcientiam
1505 2015 1702 2072 praedicat

1581 2107 1702 2133 CICE-

319 2139 352 2176 t)
370 2132 402 2169 de
416 2134 509 2177 exped.
531 2136 689 2169 Alexandri
704 2137 767 2169 libr.
787 2147 830 2169 II.
846 2142 906 2174 cap.
935 2142 963 2174 3.

276 2192 307 2224 p.
325 2183 374 2223 63.
393 2179 431 2215 ed
463 2191 664 2215 GRONOVII.

319 2234 361 2272 u)
383 2229 435 2262 vit.
455 2227 536 2262 Alex.
553 2237 583 2271 p.
602 2228 676 2269 665.

318 2284 365 2308 x)
386 2278 450 2301 libr.
478 2282 552 2318 IIII.
574 2279 629 2311 cap.
649 2279 675 2301 2.
697 2264 724 2308 §.
747 2275 793 2306 14.

318 2330 360 2360 y)
383 2327 457 2355 libro
476 2324 600 2361 eodem,
619 2328 675 2363 cap.
692 2319 720 2352 6.
738 2319 763 2363 §.
790 2328 835 2352 12.

318 2379 362 2407 z)
393 2376 456 2400 libr.
485 2385 564 2402 IIII.
590 2378 622 2403 de
650 2371 767 2414 expedit.
792 2368 963 2411 Alexandri,

276 2434 334 2468 cap.
363 2434 408 2463 13.
427 2437 458 2465 p.
481 2439 551 2468 170.

320 2465 358 2507 a)
376 2474 437 2496 vita
455 2467 538 2507 eius,
565 2476 633 2502 tom.
654 2478 678 2501 I.
699 2475 828 2511 operum,
852 2477 879 2511 p.
893 2473 963 2508 414.

319 2519 358 2563 b)
379 2516 443 2551 libr.
464 2525 488 2549 I.
511 2517 671 2563 ſtrategem.
697 2530 754 2563 cap.
773 2530 816 2554 11.
844 2530 876 2563 p.
898 2528 963 2558 182.

275 2564 346 2598 edit.
365 2562 464 2598 Veſal.

1050 2133 1080 2175 c)
1095 2133 1160 2173 not.
1171 2142 1199 2167 ad
1196 2131 1384 2181 Salluſtium,
1405 2133 1471 2171 bello
1487 2136 1619 2182 Iugurth.
1640 2152 1699 2178 cap.

1009 2186 1133 2208 LXVII.

1048 2214 1093 2254 d)
1116 2226 1216 2261 neque
1232 2228 1301 2253 vero
1323 2232 1386 2252 non
1403 2226 1502 2253 iudaei
1523 2238 1600 2254 vates
1626 2230 1699 2252 olim

1007 2265 1122 2309 cogniti
1150 2267 1242 2302 fuere.
1287 2269 1367 2303 Vide
1398 2279 1620 2303 IVVENALEM
1638 2275 1698 2307 ſat.

1008 2316 1055 2341 VI.
1074 2318 1101 2341 V.
1123 2316 1192 2347 542.
1226 2311 1295 2343 coll.
1327 2322 1447 2344 DIONE
1477 2322 1604 2344 CASSIO
1633 2315 1696 2347 libr.

1007 2359 1104 2384 LXVI.
1125 2360 1183 2391 cap.
1203 2362 1228 2382 I.
1242 2364 1273 2394 p.
1298 2363 1388 2392 1077.
1413 2360 1548 2395 itemque
1574 2359 1695 2388 Germa-

1005 2391 1056 2429 ni,
1077 2402 1109 2424 vt
1125 2402 1160 2424 ex
1174 2411 1364 2434 SVETONIO
1379 2401 1430 2426 vit.
1447 2399 1623 2432 Domitiani,
1639 2405 1697 2437 cap.

1010 2449 1086 2473 XVI.
1104 2442 1174 2474 coll.
1200 2452 1320 2475 DIONE
1349 2452 1477 2475 CASSIO
1497 2443 1561 2476 libr.
1580 2455 1699 2478 LXVII.

1008 2476 1065 2519 cap.
1085 2497 1157 2517 XVI.
1183 2490 1281 2522 patet,
1310 2491 1348 2513 ne
1369 2484 1406 2515 de
1421 2484 1642 2517 Germanorum
1661 2489 1703 2517 fa-

1008 2528 1104 2563 tidicis
1125 2529 1319 2572 mulieribus,
1342 2528 1377 2563 de
1397 2528 1507 2576 quibus
1530 2530 1633 2577 ſupra,
1657 2533 1701 2567 di-

1008 2584 1118 2610 camus.
