2765 3320
852 617 1143 670 quibuscunque
1172 620 1374 672 ſpirituoſis
1402 622 1587 663 abſtinere
1633 623 1651 662 &
1680 622 1785 663 domi
1810 634 1964 663 manere
1990 623 2115 672 juſſit,
2139 636 2189 662 ne
2211 624 2490 674 frigidiuſculus

855 666 1083 718 quandoque
1107 672 1169 707 aër
1185 677 1344 707 cutanea
1359 670 1505 709 vaſcula
1527 670 1819 720 conſtringendo
1844 664 2031 720 inceptam
2048 671 2144 709 hanc
2167 673 2348 711 materiae
2366 673 2491 712 morbi

854 721 901 760 ad
917 722 1035 761 cutim
1055 722 1328 770 depoſitionem
1343 724 1511 762 turbaret
1528 724 1590 762 vel
1605 723 1820 772 impediret.
1877 725 2009 765 Noluit
2022 732 2170 771 tamen,
2189 731 2231 762 ut
2250 726 2350 765 lecto
2368 726 2488 765 conti-

854 784 932 810 nuo
953 773 1210 821 affigerentur,
1225 771 1345 819 probe
1359 784 1515 821 gnarus,
1542 773 1591 810 ſic
1609 774 1775 811 calorem
1794 772 1947 822 augeri:
1978 774 2080 814 unde
2103 781 2203 814 totus
2222 773 2258 811 in
2278 786 2326 813 eo
2344 782 2489 816 tantum

855 821 938 869 ſuit,
953 828 994 858 ut
1009 821 1246 869 praeſentem
1264 821 1541 870 conditionem,
1559 833 1629 870 per
1644 835 1756 871 quam
1774 822 1933 864 blandae
1945 824 1982 863 &
2003 824 2097 863 lenis
2115 822 2293 864 materiae
2308 824 2489 873 ſeparatio

856 886 876 911 a
895 873 1071 923 ſanguine
1090 875 1126 913 &
1146 875 1274 914 verſus
1297 874 1412 913 cutim
1434 875 1620 915 derivatio
1638 876 1708 924 fit,
1737 876 2007 924 conſervaret;
2036 875 2283 932 monuitque,
2310 876 2488 918 facillime

853 925 930 963 ſine
947 924 1115 965 moleſtia
1129 925 1165 963 &
1182 924 1355 973 periculo
1372 926 1420 964 ſic
1435 925 1614 964 morbum
1633 924 1757 973 abigi;
1786 924 1877 965 dum
1898 934 2031 965 contra
2050 926 2163 966 nimia
2177 927 2416 968 Medicorum
2433 929 2486 968 di-

851 973 1005 1023 ligentia
1019 972 1246 1022 quandoque
1271 975 1416 1013 lethalis
1440 974 1497 1025 fit,
1517 977 1543 1015 ſi
1558 974 1759 1023 cardiacis,
1784 973 1863 1024 jugi
1880 975 1917 1014 in
1944 977 2044 1018 lecto
2059 976 2263 1025 decubitu,
2284 974 2411 1016 aliisve
2426 990 2485 1017 re-

851 1025 983 1064 mediis
1004 1024 1292 1072 ſupervacaneis
1307 1026 1492 1065 turbatur.
1548 1028 1711 1065 Unicum
1731 1033 1860 1066 tamen
1874 1028 1948 1066 hoc
1969 1025 2130 1075 monuit,
2148 1026 2263 1077 quod,
2283 1027 2307 1067 ſi
2327 1029 2485 1067 convul-

851 1074 973 1111 ſiones
989 1075 1053 1112 vel
1070 1086 1187 1112 coma
1206 1074 1272 1112 ſub
1290 1073 1405 1121 ipſam
1429 1073 1670 1122 eruptionem
1693 1073 2003 1124 ſupervenerint,
2023 1083 2065 1114 ut
2085 1074 2124 1113 in
2137 1074 2351 1124 junioribus
2371 1086 2486 1124 quan-

845 1124 979 1173 doque
995 1122 1203 1171 contingit,
1220 1131 1313 1162 tunc
1326 1127 1492 1174 amplum
1508 1137 1552 1163 ac
1574 1125 1673 1165 forte
1697 1126 1957 1175 epiſpaſticum
1976 1126 2119 1165 cervici
2142 1125 2429 1177 applicandum,
2449 1128 2487 1167 &

851 1173 1117 1222 paregoricum
1141 1174 1262 1213 ſtatim
1284 1173 1539 1215 exhibendum
1556 1174 1610 1225 ſit,
1622 1181 1736 1224 atque
1752 1175 1845 1216 illud
1859 1174 2010 1225 ſingulis
2025 1176 2199 1218 noctibus
2221 1174 2487 1227 repetendum,

851 1220 978 1259 donec
995 1220 1272 1261 convaluerint.

901 1271 1006 1310 Solet
1025 1270 1105 1310 ſere
1128 1269 1299 1320 ſemper,
1327 1269 1418 1310 dum
1443 1270 1539 1312 haec
1558 1270 1819 1311 exanthemata
1837 1270 2091 1320 evaneſcunt,
2109 1271 2313 1314 epidermis
2331 1272 2486 1323 deſqua-

849 1323 965 1374 mari,
988 1331 1103 1374 atque
1121 1327 1188 1365 illo
1205 1334 1380 1375 tempore
1399 1326 1485 1366 leve
1505 1337 1667 1378 purgans
1682 1326 1891 1368 exhibitum
1913 1329 2093 1378 profuiſſe
2119 1321 2354 1375 obſervatur;
2386 1329 2485 1377 quod

849 1376 962 1416 etiam
979 1378 1060 1427 poſt
1077 1379 1274 1418 morbillos
1287 1378 1367 1418 dari
1388 1379 1493 1419 ſolet.

902 1422 1037 1470 Neque
1055 1426 1202 1459 tantum
1222 1421 1366 1459 leviora
1379 1421 1474 1461 haec
1485 1422 1749 1460 exanthemata
1765 1422 1836 1460 hac
1850 1423 2035 1462 methodo
2045 1431 2128 1461 tuto
2139 1429 2332 1469 curantur,
2349 1435 2484 1463 verum

849 1472 964 1511 etiam
987 1472 1027 1513 in
1043 1474 1197 1511 variolis
1221 1474 1258 1512 &
1278 1475 1465 1513 morbillis
1479 1475 1657 1513 curandis
1675 1475 1862 1515 ſucceſſus
1877 1476 2036 1515 felicitas
2060 1487 2081 1513 a
2095 1473 2225 1514 debito
2243 1472 2427 1524 regimine
2447 1476 2485 1516 &

848 1519 1111 1562 moderamine
1149 1521 1287 1561 virium
1314 1520 1483 1561 vitalium
1515 1521 1678 1572 pendet;
1714 1522 1752 1561 &
1787 1522 2004 1571 importuna
2038 1521 2244 1571 feſtinatio,
2270 1533 2344 1572 qua
2369 1523 2483 1563 citam

850 1571 1091 1623 eruptionem
1109 1574 1319 1615 moliuntur
1333 1573 1476 1616 Medici
1498 1575 1560 1614 vel
1576 1585 1777 1626 aegrorum
1791 1573 1988 1627 cuſtodes,
2009 1575 2120 1616 toties
2136 1575 2282 1618 funeſta
2300 1576 2398 1626 fuit;
2427 1575 2483 1616 uti

845 1621 976 1673 poſtea
996 1621 1104 1663 latius
1121 1622 1160 1664 in
1177 1623 1404 1665 variolarum
1421 1623 1573 1666 hiſtoria
1590 1623 1751 1666 dicetur.

895 1673 936 1716 Si
953 1680 1080 1718 autem
1097 1673 1197 1723 ſigna
1219 1672 1440 1724 docuerint,
1465 1672 1567 1714 circa
1588 1674 1811 1724 praecordia
1828 1675 1989 1717 haerere
2007 1675 2155 1725 ſordes,
2177 1686 2200 1714 a
2215 1675 2351 1726 quibus
2368 1688 2481 1716 exan-

843 1728 1009 1768 themata
1025 1725 1255 1776 quandoque
1271 1727 1356 1769 fieri
1369 1727 1417 1767 ad
1437 1732 1466 1778 §.
1481 1738 1570 1775 723.
1594 1729 1738 1771 dictum
1755 1729 1848 1781 fuit,
1882 1724 2077 1777 vomitorio
2099 1730 2163 1769 vel
2184 1736 2369 1781 purgante
2392 1729 2480 1769 dato

841 1778 908 1817 has
927 1779 1120 1826 expellere
1136 1776 1341 1817 conducet.

896 1819 983 1866 Non
999 1822 1251 1869 incongruum
1264 1824 1364 1862 forte
1377 1823 1451 1862 erit
1464 1824 1535 1862 hac
1552 1823 1749 1862 occaſione
1763 1830 1918 1870 notare,
1934 1822 2037 1872 quod
2053 1823 2281 1874 quandoque
2301 1823 2338 1864 in
2358 1825 2477 1865 homi-

846 1873 972 1919 nibus,
987 1873 1232 1920 caeteroquin
1248 1875 1356 1919 ſanis,
1364 1874 1483 1912 mirae
1492 1876 1585 1915 tales
1600 1887 1669 1928 per
1680 1875 1801 1912 cutim
1811 1875 2031 1927 eruptiones
2046 1869 2165 1920 fiant,
2183 1875 2305 1914 noxiis
2327 1876 2480 1922 quibus-

848 1920 934 1959 dam
948 1920 1096 1962 ſalutari
1109 1928 1265 1962 naturae
1280 1922 1479 1961 molimine
1488 1923 1560 1959 hac
1573 1933 1635 1959 via
1650 1924 1824 1969 expulſis.
1862 1925 1925 1960 Sic
1936 1925 2027 1961 novi
2042 1923 2228 1969 homines,
2243 1923 2378 1969 quibus
2389 1936 2482 1963 vere

848 1966 979 2004 adulto
992 1964 1192 2014 quotannis
1201 1965 1239 2005 in
1254 1967 1324 2004 hac
1335 1965 1446 2004 illave
1457 1959 1632 2015 corporis
1643 1965 1791 2006 externi
1801 1973 1907 2015 parte
1920 1969 2067 2005 macula
2077 1967 2191 2007 rubra
2214 1966 2380 2021 erumpit,
2399 1977 2481 2015 quae

846 2018 930 2068 poſt
942 2016 1038 2058 duos
1056 2025 1182 2059 tresve
1201 2018 1282 2059 dies
1302 2019 1503 2062 humorem
1518 2019 1714 2071 viſcidum,
1727 2032 1774 2060 ex
1792 2018 1952 2062 dilatatis
1968 2019 2125 2061 vaſculis
2144 2018 2310 2062 cutaneis
2330 2020 2480 2075 expreſ-

843 2074 938 2123 ſum,
950 2071 1066 2124 ſudat,
1077 2071 1141 2122 qui
1158 2071 1197 2113 in
1211 2074 1352 2114 cruſtas
1364 2072 1622 2125 flaveſcentes,
1635 2073 1744 2125 ſaepe
1763 2074 1846 2115 ſatis
1861 2074 2006 2126 craſſas,
2019 2075 2240 2126 concreſcit,
2250 2069 2365 2117 foedo
2378 2078 2478 2126 aſpe-

845 2123 922 2175 ctu,
933 2123 1118 2174 imprimis
1134 2126 1160 2167 ſi
1185 2126 1224 2167 in
1247 2126 1342 2168 facie
1358 2127 1437 2167 tale
1448 2125 1589 2166 malum
1599 2126 1825 2179 apparuerit.
1865 2130 1905 2169 In
1916 2128 1995 2168 aliis
2006 2127 2082 2169 vidi
2097 2129 2234 2168 ſimiles
2247 2126 2481 2177 eruptiones,

842 2176 909 2216 ſed
924 2175 1066 2228 absque
1081 2178 1158 2215 ullo
1174 2176 1338 2217 humore
1359 2175 1585 2226 exſudante,
1606 2189 1745 2217 verum
1767 2175 1971 2225 epidermis
1989 2177 2171 2218 continuo
2181 2178 2218 2217 in
2236 2180 2323 2219 loco
2343 2180 2482 2220 affecto

842 2223 1181 2277 deſquamabatur,
1204 2223 1330 2265 donec
1353 2225 1484 2268 ſenſim
1501 2226 1746 2266 evaneſceret
1765 2225 1839 2264 hoc
1858 2227 2011 2266 malum.
2068 2228 2204 2266 Fateor
2222 2239 2286 2265 me
2305 2228 2343 2265 in
2360 2228 2483 2267 ſimili-

843 2274 915 2311 bus
933 2272 1080 2314 caſibus
1104 2273 1215 2321 ſaepe
1234 2272 1488 2322 ſpectatorem
1508 2272 1625 2323 egiſſe
1646 2280 1812 2321 tantum,
1838 2273 1928 2314 dum
1948 2275 2118 2315 videram
2142 2275 2312 2322 plurimis
2333 2274 2484 2316 tentatis

842 2337 926 2365 non
945 2326 1091 2369 ceſſiſſe
1113 2328 1207 2367 haec
1224 2326 1338 2373 mala,
1364 2323 1454 2364 licet
1473 2325 1741 2375 purgantibus,
1763 2326 1980 2368 ſudoriferis
2002 2329 2075 2368 &c.
2097 2327 2309 2371 ſubducere
2327 2338 2487 2368 conarer

846 2373 922 2418 illa,
939 2381 1038 2418 quae
1054 2371 1111 2411 his
1133 2372 1394 2420 eruptionibus
1418 2371 1592 2413 fomitem
1618 2374 1709 2412 dare
1724 2371 1977 2413 credideram.
2033 2372 2207 2413 Externis
2227 2368 2351 2415 autèm
2371 2374 2487 2413 exſie-

846 2421 1042 2472 cantibus,
1068 2425 1130 2461 vel
1151 2423 1435 2471 repellentibus,
1450 2422 1637 2473 impedire
1651 2425 1747 2465 haec
1761 2421 1916 2465 naturae
1936 2424 2144 2474 molimina,
2156 2424 2407 2474 periculoſum
2422 2425 2490 2475 eſt,

846 2480 892 2512 ut
915 2472 1078 2522 plurima
1102 2472 1301 2515 obſervata
1320 2473 1520 2523 teſtantur,
1549 2475 1616 2514 niſi
1639 2476 1677 2515 in
1702 2474 1836 2514 vicinis
1853 2477 1917 2516 vel
1940 2475 2021 2513 aliis
2048 2475 2140 2515 locis
2166 2476 2294 2517 ſimilia
2323 2477 2489 2524 repullu-

846 2525 942 2562 lent.
1001 2523 1063 2564 Sic
1086 2523 1226 2577 Juveni
1255 2524 1389 2573 euſarco
1410 2526 1456 2565 &
1468 2524 1600 2575 robuſto
1624 2525 1841 2576 impetiginis
1859 2526 2070 2574 materiam,
2091 2528 2215 2576 topicis
2238 2528 2341 2565 toties
2360 2527 2493 2577 quoties

845 2574 1053 2621 repreſſam,
1069 2573 1120 2608 ad
1138 2571 1302 2619 inteſtina
1323 2570 1511 2622 repulſam,
1531 2574 1633 2611 colici
1651 2563 1856 2620 atrociſſimi
1873 2573 2097 2623 paroxyſmos
2114 2573 2286 2622 intuliſſe,
2311 2573 2412 2612 vidit
2421 2576 2491 2614 Be-

847 2623 1021 2656 nedictus
1043 2626 1115 2664 (i),
1135 2633 1157 2651 a
1179 2631 1248 2666 qua
1267 2620 1357 2654 male
1382 2623 1532 2666 curata,
1563 2626 1627 2655 aut
1638 2613 1762 2668 ſponte
1782 2617 1942 2665 reducta,
1959 2610 2110 2671 phthiſin
2140 2623 2219 2659 dein
2238 2624 2417 2667 ſubortam
2441 2622 2491 2657 de-

845 2675 1031 2718 prehendit
1102 2671 1348 2721 Quandoque
1364 2671 1476 2710 etiam
1495 2673 1676 2710 chronica
1696 2671 1791 2708 haec
1804 2663 1899 2709 mala
1914 2669 2030 2721 fiunt,
2047 2680 2216 2720 tuncque
2231 2670 2398 2713 aſſueſcit
2416 2683 2483 2711 cor

850 2737 920 2777 pus
945 2727 1016 2765 hac
1036 2727 1097 2767 via
1121 2730 1158 2768 ſe
1180 2727 1344 2767 liberare
1369 2742 1389 2767 a
1408 2728 1560 2777 talibus,
1575 2739 1674 2777 quae
1691 2733 1839 2767 retenta
1851 2736 2047 2770 nocerent.
2102 2730 2274 2781 Quaevis
2291 2731 2403 2771 etiam
2421 2738 2483 2770 ten

2425 2787 2496 2820 tat:

968 2852 1027 2894 (i)
1048 2855 1175 2888 Theatr.
1196 2854 1289 2888 tabid.
1310 2854 1439 2887 Exercit.
1454 2863 1499 2894 13.
1518 2848 1584 2898 pag.
1600 2858 1646 2889 42.
