1548 2489
204 468 300 514 DE
300 468 467 514 VSVR.
467 468 562 514 ET
562 468 826 514 FRVCTIB.
826 468 906 514 &c.

919 471 992 514 129

312 603 692 644 DISTINCTIO
745 605 810 636 VI.

179 659 301 704 Inter
311 657 497 702 Fructus
502 659 696 711 pendentes
708 659 750 700 &
755 666 951 711 perceptos.

140 743 205 842 R

210 741 399 794 Epetenda
405 739 466 779 hic
472 739 612 789 eadem,
621 751 705 789 quæ
714 734 831 780 modo
840 737 884 776 ad
885 745 993 790 præc.

222 802 299 850 diſt.
311 799 408 838 dicta
421 798 581 837 fuerunt.
631 799 774 838 Scilicet
790 793 922 843 fructus
937 804 994 835 na-

142 852 281 904 turales
295 850 481 900 pendentes
503 850 540 888 ad
553 847 855 900 proprietarium,
870 859 996 898 perce-

141 903 200 942 pti
207 902 250 935 ad
259 891 509 939 vſufructuarii
516 893 669 936 heredes
677 895 870 944 pertinent.
878 886 994 934 Aliud

144 956 221 987 iure
234 950 434 995 Saxonico,
448 947 512 986 vbi
521 958 567 984 eo
583 946 790 998 reſpicitur,
813 956 858 985 an
871 945 997 985 ſemen

139 1003 256 1041 raſtro
287 996 473 1040 ſubactum
515 998 644 1050 fuerit,
677 1002 752 1041 vid.
787 999 995 1040 Finckelth.

138 1069 440 1120 Obſ.54.

247 1100 405 1150 Fructus
413 1061 624 1146 pendentes
637 1096 684 1136 ad
697 1092 899 1141 emtorem,
912 1098 996 1129 per-

141 1157 242 1206 cepti
255 1156 376 1194 autem
376 1149 428 1194 ad
435 1148 668 1195 venditorem
674 1152 848 1204 ſpectant-

248 1201 465 1250 Colono,
421 1201 468 1255 ob
479 1199 656 1241 damnum
665 1203 705 1240 in
716 1201 892 1241 fructibus
904 1205 997 1250 pen-

139 1250 313 1295 dentibus
333 1248 542 1309 perpeſſum,
558 1249 685 1302 aliquid
697 1250 741 1293 de
752 1249 928 1304 penſione
940 1265 997 1291 re-

139 1308 298 1344 mittitur,
306 1314 409 1353 non
416 1314 526 1353 vero,
540 1294 567 1343 ſi
582 1303 721 1344 fructus
737 1303 810 1342 iam
827 1302 995 1354 percepti

140 1357 312 1397 fuerunt.
340 1354 432 1409 Gail.
447 1366 475 1393 2.
480 1351 794 1409 Obſ.23.num.13.
803 1342 876 1391 Sed
885 1364 996 1405 quan-

139 1409 188 1448 do
198 1409 260 1449 hic
276 1406 447 1448 dicuntur
459 1407 648 1458 percepti?
687 1403 894 1457 Nonnulli,
915 1407 999 1445 alle-

139 1463 244 1512 gatia
265 1451 518 1512 Lauterbachio
541 1459 574 1512 ad
596 1456 659 1504 tit.
674 1449 797 1498 Locat.
813 1457 921 1497 Cond.
939 1469 997 1496 re-

140 1516 307 1554 quirunt,
315 1516 448 1555 præter
454 1508 715 1557 ſeparationem
722 1516 742 1545 a
760 1502 878 1558 fundo,
893 1497 1003 1556 etiam

140 1566 376 1606 collationem
382 1566 419 1605 in
423 1561 590 1612 horreis,
615 1570 648 1603 v.
655 1562 843 1613 Carpzou.
858 1560 904 1602 P.
913 1577 943 1602 2.
952 1564 995 1604 C.

133 1622 197 1664 37.
219 1615 290 1654 Def,
310 1611 356 1654 20.
357 1618 472 1662 n.8.9.
503 1608 583 1663 quos
599 1610 753 1671 ſequitur
773 1614 844 1656 Dn.
860 1613 996 1666 Beyer.

140 1670 225 1725 Poſ.
218 1660 270 1725 ff.
281 1668 532 1721 Locat.poſ.53.
543 1680 637 1720 ſeqq.
659 1670 720 1712 ſed
738 1672 779 1712 in
796 1675 928 1711 eorum
938 1681 998 1708 ca-

139 1716 207 1761 ſtra
225 1717 368 1773 transire
381 1724 460 1764 non
474 1708 685 1774 poſſumus,
711 1716 760 1756 ob
784 1717 876 1770 §.36.
896 1717 927 1757 I.
949 1718 994 1763 de

141 1766 249 1813 R.D.
261 1769 330 1810 ibi:
354 1766 474 1808 eadem
470 1769 610 1822 fere&
618 1769 660 1808 de
669 1762 788 1809 colono
801 1770 995 1812 dicuntur,

142 1821 208 1861 vbi
226 1817 471 1861 antecedentia
491 1828 616 1868 aperte
633 1818 862 1868 monſtrant,
887 1820 993 1867 quod

142 1867 299 1911 colonus
330 1872 378 1908 &
399 1864 685 1913 vſufructuarius
711 1868 750 1906 in
775 1866 850 1907 hoc
883 1867 994 1906 tertio

142 1926 426 1968 comparentur,
449 1915 558 1966 quod
582 1914 712 1955 ſcilicet
738 1927 892 1965 vterque
919 1913 993 1954 fru-

142 1970 270 2008 ctuum
285 1974 458 2012 dominus
471 1968 604 2009 eodem
618 1967 737 2007 modo
753 1969 834 2016 fiat,
853 1966 993 2016 reliqua

141 2025 260 2073 enim,
282 2034 367 2072 quæ
391 2025 437 2063 de
461 2021 657 2064 heredibus
677 2022 927 2065 vſufructuarii
941 2023 993 2063 ibi

128 2069 337 2125 habentur,
363 2076 420 2111 ad
420 2075 606 2114 colonum
626 2081 706 2113 non
731 2069 925 2122 quadrant,
948 2070 993 2109 &

186 2139 289 2175 P.II.

595 2134 627 2178 I

895 2136 996 2178 pro-
