1571 2442
526 549 688 586 ſummi,
711 539 867 587 honor,
895 546 938 577 ut
956 537 1137 592 catalogo
1157 552 1250 581 meo
1265 539 1440 595 quædam

532 604 662 638 adhuc
678 594 849 633 analecta
861 592 1067 637 adderem,
1085 597 1280 639 excitavit.
1324 598 1436 649 Quæ,

532 662 605 692 etſi
628 647 793 686 minoris
820 645 925 688 forte
950 645 1174 696 momenti,
1222 655 1358 691 notatu
1384 654 1433 686 ta-

530 712 627 746 men
643 701 747 745 haud
765 702 995 756 injucunda,
1021 715 1148 749 erunt.

963 809 999 860 I.

526 913 656 1056 E

656 917 674 947 t
690 908 822 961 primo
837 910 999 962 quidem
1006 913 1233 960 ALFONSI
1233 916 1434 962 CONRA-

681 963 734 1000 DI
751 961 1032 1004 MANTVANI
1051 963 1326 1003 commentarii
1337 957 1432 1013 (qui,

656 1015 819 1059 quanti
846 1012 1047 1051 faciendus
1064 1011 1132 1060 ſit,
1164 1012 1290 1055 celeb.
1315 1013 1439 1059 HEV-

525 1054 753 1122 MANNVS
753 1067 796 1125 p.
808 1084 887 1112 552
910 1069 1050 1110 docet,
1084 1069 1118 1110 &
1121 1067 1203 1112 jam
1227 1067 1376 1110 pridem
1384 1061 1439 1103 in

527 1116 625 1153 bibl.
654 1118 781 1151 Brem.
812 1107 894 1152 cl.I.
931 1125 968 1164 p.
991 1114 1099 1162 866,
1148 1115 1252 1163 ejus,
1296 1114 1438 1167 capitis

530 1167 685 1211 XIlltii,
699 1172 801 1201 vers.
821 1166 859 1209 8.
889 1162 1153 1223 explicationis
1169 1161 1329 1221 veſtigiis
1351 1163 1440 1213 inſi-

522 1220 653 1261 ſtens,
679 1216 955 1265 declaravit,)
984 1214 1082 1258 duas
1092 1217 1278 1270 prodiiſſe
1289 1221 1437 1262 editio-

524 1281 618 1314 nes,
648 1271 835 1319 deinceps
863 1269 1057 1312 adnotavi.
1125 1275 1264 1317 Præter
1290 1284 1378 1314 eam
1395 1285 1434 1314 e-

525 1326 631 1366 nim,
661 1330 780 1359 quam
804 1320 996 1372 indicavi,
1030 1321 1296 1369 Baſilæenſem
1314 1331 1432 1376 1574,

523 1369 778 1413 bibliothecæ
806 1373 1091 1417 OIZELIANÆ
1103 1370 1311 1432 catalogus
1328 1365 1432 1423 anti-

521 1429 707 1471 quiorem
718 1425 897 1465 exhibet,
911 1432 1016 1460 anno
1024 1424 1213 1464 nimirum
1228 1423 1333 1473 1560.
1349 1430 1365 1475 8.
1389 1424 1431 1463 in

523 1480 665 1514 eadem
682 1478 837 1514 civitate
846 1476 958 1528 prelo
971 1476 1190 1520 liberatam.
1227 1480 1360 1531 Quam
1369 1486 1429 1518 et-

519 1533 601 1559 iam
627 1530 796 1568 indicat,
837 1530 940 1562 inter
963 1527 1245 1576 apocalypseos
1274 1522 1442 1577 expoſi-

517 1591 629 1616 tores
645 1582 748 1615 haud
760 1580 847 1617 ſane
858 1580 1039 1625 infimus,
1059 1583 1131 1626 W.
1152 1580 1427 1630 COVPERVS,

518 1639 562 1673 in
586 1634 709 1676 introd.
734 1634 771 1670 in
793 1632 912 1690 ſcript.
933 1640 1028 1685 apoc.
1057 1642 1134 1687 opp.
1162 1635 1252 1684 edit.
1279 1636 1374 1694 Belg.
1390 1640 1427 1690 p.

520 1710 567 1737 m.
584 1698 619 1736 6.

945 1775 1019 1814 II.

591 1846 699 1882 Inter
730 1843 854 1892 illos,
886 1855 992 1899 quos
1013 1844 1198 1891 eruditiſſ.
1226 1844 1423 1895 IKENIVS

513 1902 698 1937 catalogo
730 1906 824 1927 meo
854 1899 1026 1939 adjecit,
1055 1897 1104 1933 de
1121 1898 1193 1944 JO.
1211 1891 1420 1942 NAPEIRII

512 1952 808 1994 commentario
836 1950 1012 1996 quædam
1039 1949 1268 1990 ſubuectere
1295 1950 1418 1993 liceat.

512 2005 661 2051 Quanti
681 2004 773 2049 ille,
800 2000 934 2040 ſeculo
953 2002 1084 2054 elapſo
1100 2003 1255 2045 habitus
1279 2001 1420 2045 fuerit,

509 2060 642 2096 plures
663 2054 789 2094 illius,
816 2061 980 2099 quarum
998 2053 1111 2091 brevi
1135 2055 1327 2105 temporis
1343 2048 1420 2099 ſpa-

505 2107 566 2147 tio
583 2114 657 2141 una
674 2103 835 2143 alteram
852 2103 1026 2155 excepit,
1072 2105 1272 2154 verſiones
1291 2109 1331 2150 &
1347 2110 1427 2145 edi-
