2710 2985
416 538 595 579 euentui
633 547 743 579 esset
780 536 1139 594 impedimento,
1166 545 1366 590 cautum,
1409 547 1460 578 vt
1500 534 1747 594 quicumque

419 613 567 642 eorum
592 617 746 656 parem
770 617 909 653 suum,
935 612 1084 643 contra
1110 602 1249 643 hostes
1270 615 1507 643 communes
1528 603 1572 642 in
1598 605 1745 646 exerci-

420 686 516 716 tum
549 686 817 731 pergentem,
854 671 1110 726 dimisisset,
1142 683 1183 713 et
1206 690 1315 715 cum
1349 693 1393 716 eo
1428 678 1489 716 ire
1526 685 1604 715 aut
1628 686 1744 717 stare

418 748 663 799 noluisset,
682 748 869 787 honorem
897 762 1025 788 suum
1044 757 1084 787 et
1111 742 1356 801 beneficium
1386 748 1581 804 perderet
1602 752 1658 802 g).

482 826 576 868 Si
597 824 702 880 quis
721 842 986 876 quaesiuerit;
1005 833 1148 866 vtrum
1160 827 1245 867 sub
1252 826 1403 869 Carolo
1420 828 1626 868 militibus
1637 826 1748 869 heri-

418 896 635 947 bannariis
668 907 791 937 tanta
825 897 966 937 denuo
985 897 1167 951 dignitas
1185 906 1227 936 et
1244 900 1469 940 auctoritas
1488 899 1650 939 tributa
1673 901 1739 950 sit,

414 979 476 1020 vt,
495 984 585 1011 non
604 972 686 1011 nisi
696 973 797 1027 ipsis
817 972 1191 1022 consentientibus,
1212 972 1396 1025 delectus
1413 973 1561 1013 haberi
1576 972 1739 1027 posset;

410 1042 456 1086 id
472 1044 717 1098 negandum
733 1046 913 1086 videtur.
968 1047 1081 1086 Nam
1100 1049 1356 1099 quamquam
1375 1047 1597 1100 scriptores
1613 1047 1741 1087 bello-

410 1122 526 1161 rum;
541 1114 586 1169 in
602 1114 788 1164 comitiis
788 1114 1078 1164 decretorum,
1097 1116 1267 1167 saepius
1274 1115 1540 1154 mentionem
1557 1114 1740 1163 faciunt;

414 1195 560 1227 tamen
604 1196 801 1239 constat,
856 1188 973 1229 hisce
1016 1189 1195 1231 comitiis
1241 1201 1331 1227 non
1373 1190 1455 1228 nisi
1503 1188 1738 1242 episcopos,

412 1258 599 1309 abbates,
628 1260 800 1298 comites
819 1272 867 1298 ac
881 1259 1086 1313 primores
1105 1260 1239 1311 gentis
1257 1259 1500 1301 interfuisse
1524 1260 1586 1313 ʰ):
1617 1263 1742 1302 Caro-

409 1332 510 1379 lum
529 1345 643 1373 vero
659 1344 829 1384 regem,
854 1330 929 1386 pro
952 1329 1133 1391 summis,
1162 1331 1316 1385 quibus
1345 1334 1546 1389 pollebat,
1580 1335 1741 1386 ingenii

410 1403 611 1453 dotibus,
644 1401 840 1454 quamuis
868 1404 950 1453 alia
977 1404 1122 1442 omnia
1145 1402 1383 1453 simularet,
1423 1404 1568 1442 omnia
1596 1404 1744 1455 guber-

411 1484 570 1522 nasse,
599 1472 954 1517 verisimillimum
980 1473 1163 1514 videtur.
1216 1471 1363 1529 Quid?
1400 1472 1546 1529 quod?
1583 1475 1743 1516 multae

411 1542 523 1597 leges
552 1552 723 1583 exstant,
731 1556 880 1596 quae
906 1546 1074 1592 omnes,
1105 1545 1182 1596 qui
1208 1547 1342 1585 castra
1369 1549 1488 1598 sequi
1515 1546 1739 1596 debebant,

415 1630 603 1668 semper
622 1625 787 1668 paratos
819 1629 900 1655 esse
934 1616 1130 1666 iubent,
1139 1622 1218 1671 vt,
1223 1613 1583 1666 quandocumque
1599 1615 1741 1668 placu-

414 1691 515 1725 isset
548 1691 660 1743 regi,
698 1680 811 1724 exire
843 1695 1018 1739 possent
1045 1687 1097 1738 ⁱ).
1154 1687 1302 1737 Aeque
1334 1698 1486 1739 parum
1519 1686 1739 1727 adfirmare

410 1761 621 1813 velimus,
655 1763 783 1817 quod
809 1763 1105 1818 Hegewischio
1136 1764 1177 1816 ᵏ)
1213 1762 1407 1819 placuit;
1452 1777 1543 1803 non
1571 1765 1653 1804 nisi
1686 1765 1740 1805 ad

479 1912 514 1946 g)
547 1909 651 1940 Carol.
680 1909 783 1951 Capit.
806 1910 852 1941 II.
883 1909 912 1939 d.
936 1918 963 1938 a.
984 1913 1057 1943 812.

420 1953 446 1972 c.
469 1956 497 1979 5.
528 1954 576 1985 ap.
588 1948 697 1975 Baluz.
724 1949 805 1974 Tom.
821 1948 844 1972 I.
866 1956 895 1981 p.
914 1948 986 1980 495.

482 1993 513 2021 h)
537 1988 642 2018 Carol.
669 1988 772 2028 Capit.
797 1987 860 2018 III.
886 1987 914 2017 d.
939 1997 965 2015 a.
986 1992 1056 2021 803.

420 2039 446 2055 c.
469 2028 516 2069 14
541 2037 591 2067 ap.
607 2030 717 2058 Baluz.
737 2030 818 2057 Tom.
835 2031 859 2055 I.
888 2039 911 2064 p.
923 2035 993 2063 393.
1016 2031 1058 2056 De

418 2068 583 2107 episcopis,
601 2067 767 2110 abbatibus,
785 2067 929 2099 comitibus
952 2069 1013 2108 qui
1013 2068 1059 2108 ad

418 2114 551 2144 placitum
572 2113 695 2136 nostrum
711 2118 768 2135 non
781 2110 907 2143 fuerunt.

448 2161 506 2194 i)
530 2156 634 2186 Carol.
644 2152 747 2200 Capit.
757 2156 784 2184 I.
802 2155 832 2184 d.
844 2166 868 2184 a.
881 2160 952 2189 802.
970 2164 995 2182 c.
1006 2158 1054 2190 34.

421 2194 470 2237 ap.
481 2195 595 2227 Baluz.
620 2199 701 2226 Tom.
715 2199 739 2224 I.
765 2208 789 2233 p.
797 2193 877 2232 373.
908 2199 948 2226 Vt
965 2207 1058 2225 omnes

417 2241 546 2273 pleniter
546 2240 643 2274 parati
656 2238 722 2275 sint,
728 2240 959 2272 quandocumque
978 2231 1085 2275 iussio

420 2287 525 2305 nostra,
544 2281 588 2302 vel
605 2279 792 2305 adnuntiatio,
810 2278 924 2304 venerit.
946 2275 1058 2304 Eiusd.

1103 1909 1206 1949 Capit.
1220 1910 1265 1940 II.
1296 1910 1334 1939 ei.
1353 1920 1380 1938 a.
1401 1920 1426 1938 c.
1443 1919 1490 1945 13.
1521 1910 1597 1940 ibid.
1619 1923 1648 1948 p.
1667 1912 1739 1946 376.

1101 1950 1141 1976 Vt
1158 1956 1251 1974 omnes
1269 1946 1429 1986 praeparati
1443 1949 1499 1973 sint
1515 1947 1590 1976 bene,
1616 1948 1739 1983 quando-

1101 1998 1212 2024 cumque
1235 1989 1319 2014 iussio
1344 1996 1439 2015 nostra
1463 1982 1612 2026 venerit.
1623 1990 1736 2019 Eiusd.

1101 2028 1204 2068 Capit.
1219 2028 1246 2056 I.
1264 2028 1324 2056 inc.
1351 2039 1378 2057 a.
1396 2040 1420 2057 c.
1436 2036 1486 2063 52.
1519 2028 1595 2058 ibid.
1617 2041 1644 2065 p.
1665 2035 1740 2065 519.

1101 2072 1142 2099 Vt
1159 2081 1253 2106 omnes
1285 2072 1359 2097 parati
1373 2073 1432 2101 sint,
1450 2071 1673 2108 quandocumque
1691 2073 1740 2099 do-

1100 2110 1168 2135 mini
1184 2108 1356 2145 imperatoris
1373 2110 1457 2135 iussio
1477 2110 1591 2135 venerit.

1160 2158 1190 2194 k)
1219 2159 1263 2187 D.
1285 2158 1326 2186 H.
1350 2157 1549 2198 Hegewisch
1580 2157 1741 2186 Geschichte

1102 2199 1150 2224 der
1166 2199 1321 2233 Regierung
1340 2199 1442 2225 Kaiser
1456 2200 1529 2226 Karl
1543 2199 1570 2225 d.
1584 2200 1619 2227 G.
1638 2201 1741 2227 Hamb.

1105 2243 1196 2272 1791.
1220 2238 1286 2273 Cap.
1299 2236 1335 2264 V.
1360 2246 1388 2273 p.
1406 2243 1476 2271 293.
