2589 2881
894 487 961 533 19

321 561 421 604 παϱά
431 557 500 597 τοῖς
515 549 644 596 Ἕλλησιν
656 546 855 606 ἀγονίζοντϣ
874 551 929 599 μέν
943 554 968 589 οἱ
981 549 1141 598 τεχνίτϣ,
1153 549 1281 602 ϰϱἰνοισι
1293 552 1339 593 δέ
1344 558 1369 594 οἱ
1381 552 1427 603 μὴ
1444 553 1551 602 τεχνί-

323 622 394 654 τϣ.
458 609 521 651 Ac
540 608 568 650 ſi
591 609 634 650 de
646 601 834 663 Artificum
850 603 1046 667 præſtantia
1063 610 1107 650 ad
1124 612 1296 651 Artifices
1315 611 1458 652 tantum
1478 615 1552 655 dis-

321 668 443 707 ſerere
471 666 682 718 pertineret.
742 666 800 710 Ad
819 665 1014 710 Medicum
1035 668 1168 716 igitur,
1187 669 1224 708 &
1241 669 1285 707 ad
1304 671 1553 711 Profeſſorem

322 724 536 767 Medicum,
548 721 866 776 Medicorumque
873 722 1041 775 priorem
1053 718 1106 761 ſui
1117 723 1264 773 generis
1276 725 1419 778 peritos
1427 725 1555 765 noſce-

322 792 378 823 re,
387 792 464 814 non
476 781 519 816 ad
529 780 691 823 Idiotas;
724 779 759 817 &
775 778 925 818 bonum
937 776 996 817 vel
1007 776 1150 820 malum
1161 778 1359 820 Medicum
1370 780 1555 831 pateface-

321 850 376 881 re,
391 838 579 889 ſpeƈtabit.
634 837 806 877 Arduum
826 834 979 891 quidem
989 835 1148 890 (fateor)
1168 837 1204 877 &
1222 837 1314 880 odio
1335 837 1491 889 plenum
1509 850 1554 877 o-

322 907 407 940 pus,
426 907 542 940 quum
552 901 756 941 pravorum
766 892 897 940 ingens
899 893 950 948 ſit
976 892 1096 949 moles,
1107 891 1331 942 detegiægre
1342 892 1556 935 ferentium,

322 959 536 997 veritasque
553 951 649 995 ipſa,
664 957 711 981 ex
727 951 848 985 veteri
862 948 1070 999 proverbio
1091 947 1222 988 odium
1232 948 1360 999 pariat.
1418 948 1554 991 Nullus

321 1023 449 1044 tamen
469 1011 588 1051 labor,
607 1005 708 1049 nulla
721 1005 934 1052 difficultas,
952 1005 1099 1049 nullum
1119 1005 1316 1051 diſcrimen
1328 1006 1473 1050 obſtare
1482 1019 1554 1064 po-

322 1071 430 1112 terit,
449 1069 539 1118 quin
557 1063 648 1105 huic
662 1064 909 1107 Illuſtriſſimo
932 1067 1081 1108 Senatui
1112 1065 1254 1108 debitas
1282 1077 1390 1118 agam
1407 1066 1553 1118 gratias.

320 1124 471 1165 Etenim
496 1123 524 1162 ſi
548 1123 588 1170 in
606 1119 704 1161 bene
719 1122 875 1161 meritos
892 1133 1042 1172 gratum
1058 1125 1226 1164 animum
1242 1125 1425 1166 Animalia
1442 1124 1552 1166 bruta

322 1179 545 1222 oſtendunt,
561 1171 694 1218 cedam
711 1189 761 1216 ne
774 1178 836 1218 his
853 1190 929 1228 ego
939 1179 1131 1233 unquam?
1172 1182 1281 1223 Anne
1281 1182 1448 1224 Ciconia
1456 1183 1552 1234 grati

319 1239 437 1280 animi
452 1236 798 1290 Hieroglyphicum
814 1238 914 1291 apud
924 1240 1117 1290 Ægyptios
1128 1238 1365 1290 pingebatur,
1374 1237 1476 1294 quòd
1487 1253 1553 1297 pa-

317 1289 488 1331 rentibus
498 1287 770 1332 ſeneſcentibus
780 1289 817 1332 id
827 1292 1007 1335 alimenti,
1019 1292 1124 1344 quod
1134 1295 1291 1334 infantes
1302 1293 1382 1344 ipſæ
1392 1303 1550 1346 accepe-

316 1359 413 1396 rant,
423 1344 645 1393 redderent?
672 1351 780 1390 Anne
792 1341 939 1389 Leonis
939 1343 984 1389 in
984 1342 1217 1391 Androclem
1226 1348 1404 1398 beneficii
1404 1349 1554 1401 accepti

315 1408 418 1458 apud
436 1407 643 1454 Ælianum,
658 1405 698 1446 &
715 1401 830 1454 alios,
863 1405 1028 1447 memoria
1048 1398 1275 1458 excolitur?
1278 1410 1391 1450 Anne
1412 1409 1544 1450 Canum

316 1468 484 1503 dominis
494 1465 615 1511 gratiæ
633 1466 719 1503 aƈtæ
736 1460 924 1515 plurimos
939 1460 1116 1505 obtinent
1130 1460 1264 1506 teſtes?
1285 1462 1556 1522 Quamobrem

313 1523 561 1569 illuſtriſſimo
585 1526 735 1563 Senatui
762 1533 909 1573 gratum
935 1537 999 1565 me
1017 1523 1203 1567 faƈturum
1220 1538 1291 1578 pro
1310 1538 1401 1567 meo
1421 1527 1552 1569 officio

315 1579 467 1626 cenſui,
484 1580 514 1624 ſi
529 1581 770 1630 Hippocratis
785 1579 871 1629 ipſe
871 1579 1091 1628 ſententiam
1109 1580 1367 1632 explanarem,
1389 1583 1409 1622 &
1424 1581 1555 1625 quales

314 1640 389 1686 ſint
398 1633 541 1671 Medici
552 1627 704 1679 fama,
681 1630 702 1683 &
722 1632 880 1680 nomine,
904 1632 1024 1684 quales
1037 1645 1130 1673 vero
1140 1646 1193 1680 re,
1207 1635 1243 1673 &
1261 1646 1400 1688 opere,
1409 1626 1554 1678 ſcilicet

316 1698 486 1737 optimos
497 1686 696 1726 docerem:
739 1686 838 1727 Cum
853 1697 925 1739 pro
934 1683 1140 1727 Academia
1159 1699 1312 1730 exteros
1327 1680 1555 1741 Profeſſores

306 1748 581 1796 Illuſtriſſimus
591 1751 746 1789 Senatus
764 1759 982 1789 convocare
994 1746 1122 1800 ſoleat,
1142 1751 1179 1792 &
1204 1748 1293 1792 urbs
1317 1747 1393 1807 ipſa
1410 1750 1551 1804 patrios

317 1806 504 1860 plurimos
515 1802 684 1844 obtineat
694 1816 836 1857 magnæ
846 1807 1128 1848 exiſtimationis
1138 1807 1329 1860 Medicos,
1336 1802 1370 1859 ac
1383 1803 1558 1855 Illuftris-

311 1858 399 1907 ſimi
416 1865 612 1903 Senatores
631 1860 775 1903 Medici
792 1872 908 1917 opera
925 1874 995 1913 pro
1009 1860 1073 1903 ſua
1088 1862 1207 1904 ſalute
1223 1874 1366 1916 egeant.
1435 1869 1487 1908 Ut
1503 1866 1551 1907 ad

313 1923 397 1976 hæc
413 1916 533 1956 omnia
545 1915 753 1970 perfeƈtum
762 1918 958 1963 Medicum
973 1915 1116 1970 eligere
1126 1932 1284 1976 queant,
1298 1923 1453 1973 Optimi
1463 1927 1553 1964 Me-

309 1980 389 2017 dici
407 1984 515 2015 notas
536 1971 700 2014 edocere
717 1983 875 2017 conatus
884 1974 975 2025 ſum,
993 1974 1057 2017 hoc
1073 1969 1219 2033 libello,
1236 1989 1351 2030 quem
1372 1978 1480 2021 vobis
1499 1979 1550 2020 Il-

304 2031 517 2078 luſtrisſimi
528 2033 739 2081 Senatores,
749 2033 813 2081 do,
822 2032 925 2079 dico,
933 2033 970 2073 &
981 2030 1179 2084 conſecro,
1187 2045 1230 2075 ut
1244 2048 1307 2075 me
1319 2032 1440 2087 ipſum
1463 2037 1547 2085 jure

308 2097 425 2149 vobis
436 2086 571 2131 dedidi.
630 2088 818 2150 Suſcipite
818 2088 941 2150 igitur
941 2089 1018 2145 hoc
1036 2094 1130 2143 grati
1148 2094 1259 2135 animi
1269 2091 1547 2145 munuſculum,

399 2150 544 2193 majora
555 2143 662 2186 brevi
678 2146 724 2188 ab
743 2146 903 2188 allaturo
914 2146 949 2186 &
958 2144 1025 2187 ſub
1038 2149 1157 2189 veſtro
1175 2146 1387 2197 patrocinio
1398 2157 1461 2188 me

536 2203 685 2257 fovete,
709 2203 730 2255 &
757 2203 803 2248 ab
820 2201 955 2245 invidis
965 2203 1159 2257 tueamini,
1172 2216 1216 2245 ac
1231 2205 1327 2249 fœli-

832 2267 896 2298 ces
911 2254 1043 2297 valete.

1564 1363 1651 1395 Lib.6.
1667 1364 1697 1399 de
1711 1363 1775 1411 Hiſt.

1567 1414 1644 1444 Anim
1667 1425 1692 1444 c.
1705 1415 1775 1447 ulti-

1559 1458 1615 1518 mo.

853 2324 1008 2368 Nnn2

1390 2328 1540 2377 INDEX
