2659 2941
1187 564 1484 624 diſtingueret,
1503 561 1649 607 actum
1664 559 1873 621 paulatim
1893 562 1946 607 de
1971 559 2209 607 Nobilitate
2231 559 2463 605 Romana

1188 635 1300 679 erat,
1319 637 1400 668 nec
1420 620 1601 668 ſucceſſu
1619 619 1827 679 temporis
1852 615 2064 675 majorem
2088 618 2170 661 illæ
2195 618 2319 663 uſum
2343 611 2464 661 habe-

1190 685 1315 737 bant,
1340 697 1472 744 quam
1495 682 1613 741 quod
1649 684 1695 726 in
1726 681 1945 727 ambitum
1990 680 2183 727 adductis
2224 674 2464 737 majorum

1191 747 1357 791 meritis
1381 743 1605 801 aliquanto
1631 740 1797 787 facilior
1819 740 1999 801 poſteris
2022 740 2076 785 ad
2106 738 2297 785 honores
2332 735 2463 783 aditus

1195 809 1471 868 panderetur.

1714 936 1749 977 §.
1812 938 1962 969 XXV.

1300 993 1554 1050 Antequam
1581 999 1894 1046 argumentum
1917 987 2022 1035 illud
2046 987 2098 1033 de
2130 984 2353 1034 nobilitate
2387 985 2465 1030 Ro-

1193 1064 1323 1095 mana
1339 1065 1418 1109 per
1432 1051 1591 1095 ſtatum
1608 1049 1727 1093 urbis
1741 1047 2097 1102 Democraticum
2129 1045 2323 1103 oppreſſa
2346 1039 2467 1090 relin-

1194 1117 1401 1164 quamus,
1418 1104 1638 1149 monenda
1655 1108 1764 1147 circa
1783 1109 1966 1147 eandem
1982 1109 2201 1160 ſequentia
2216 1109 2323 1146 ſunt.
2386 1091 2467 1145 Pri-

1193 1185 1272 1214 mo
1291 1169 1482 1227 quidem,
1500 1167 1619 1226 quod
1634 1166 1818 1226 dignitas
1842 1170 1914 1211 illa
1941 1170 2086 1226 quoad
2118 1169 2290 1221 floruit,
2316 1154 2467 1210 mœnia

1194 1226 1314 1269 urbis
1333 1237 1425 1268 non
1443 1225 1573 1267 fuerit
1589 1227 1759 1280 egreſſa,
1769 1240 1844 1264 aut
1861 1240 1963 1262 cum
1988 1232 2145 1262 exteris
2162 1204 2468 1264 communicari

1194 1290 1334 1342 ſolita,
1357 1288 1466 1334 adeo
1493 1299 1544 1331 ut
1565 1300 1622 1330 ne
1645 1291 1783 1344 capita
1807 1291 1985 1344 quidem
2009 1302 2086 1327 aut
2108 1291 2306 1329 membra
2332 1271 2468 1342 præci-

1194 1364 1281 1409 pua
1298 1351 1446 1394 alienæ
1471 1350 1747 1409 Reipublicæ,
1771 1355 1897 1391 eodem
1931 1351 2020 1389 fere
2037 1353 2151 1403 apud
2180 1354 2274 1392 ſuos
2300 1332 2469 1391 honoris

1195 1414 1336 1472 gradu
1354 1425 1528 1471 ornata,
1551 1413 1720 1459 nobiles
1745 1414 1833 1458 ſine
1849 1412 1995 1457 addito
2022 1414 2355 1468 appellarentur.
2414 1407 2471 1449 Ita

1198 1473 1353 1516 Cicero
1363 1474 1427 1515 III.
1438 1475 1603 1520 Verrina,
1612 1476 1733 1522 Ignem
1743 1472 1884 1525 inquit
1892 1485 1936 1505 ex
1951 1476 2060 1520 lignis
2076 1475 2257 1508 viridibus
2268 1472 2346 1519 atq;
2361 1452 2470 1502 humi-

1198 1539 1254 1571 dis
1272 1543 1312 1570 in
1328 1541 1398 1570 loco
1413 1538 1559 1586 anguſto
1571 1538 1661 1582 fieri
1670 1542 1781 1584 juſſit
1803 1543 1855 1568 ibi
1879 1542 2175 1596 (Senatorem
2197 1507 2470 1588 Sicyonium)

1200 1610 1378 1647 hominem
1395 1622 1587 1660 ingenuum
1604 1598 1739 1648 Domi
1756 1600 1932 1661 nobilem
1944 1616 2068 1657 populi
2083 1616 2236 1642 Romani
2241 1611 2376 1651 ſocium
2402 1586 2470 1639 atq;

1201 1685 1355 1713 amicum
1358 1670 1469 1727 fumo
1486 1676 1731 1711 excruciatum
1736 1671 1956 1722 ſemivivum
1971 1677 2133 1723 reliquit.
2195 1669 2315 1712 Idem
2343 1660 2470 1708 Verrin.

1200 1739 1271 1785 IV.
1289 1742 1476 1781 Heraclius
1491 1741 1541 1791 eſt
1558 1744 1723 1778 Hieronis
1744 1740 1855 1777 Filius
1874 1736 2177 1796 Syracuſanus,
2193 1745 2292 1776 homo
2319 1717 2471 1787 inprimis

1200 1807 1316 1861 domi
1331 1809 1423 1877 ſuæ
1450 1805 1607 1861 nobilis.
1655 1817 1793 1858 Verrin.
1820 1812 1872 1858 V.
1898 1815 2052 1855 Pillenus
2088 1800 2353 1872 Herbitenſis
2384 1807 2472 1850 homo

1201 1885 1342 1928 dicitur
1354 1885 1513 1940 diſertus
1528 1883 1575 1928 &
1584 1881 1751 1939 prudens
1768 1884 1815 1930 &
1831 1872 1948 1926 domi
1961 1871 2121 1934 nobilis,
2141 1884 2336 1938 itemque
2345 1870 2473 1918 Verrin.

1203 1950 1273 1996 VI.
1292 1947 1466 1991 Diodorus
1490 1941 1749 2008 Melitenſis,
1777 1953 1874 1987 homo
1900 1944 2015 1987 domi
2040 1943 2187 1988 nobilis
2212 1950 2411 1988 vocatur,
2433 1922 2473 1973 &

1200 2015 1303 2070 apud
1315 2031 1374 2057 eos
1388 2030 1454 2071 quo
1459 2017 1505 2071 ſe
1518 2017 1716 2057 contulerit
1727 2013 1951 2071 ſplendidus.
2013 2017 2219 2069 Quorum
2244 2007 2471 2058 verborum

1201 2078 1450 2125 manifeſtus
1468 2080 1604 2124 ſenſus
1623 2076 1694 2122 ille
1719 2076 1797 2131 eſt,
1821 2075 2069 2124 Diodorum
2094 2077 2211 2117 hunc
2234 2076 2281 2118 in
2303 2067 2475 2119 Patria

1200 2138 1380 2197 quidem
1398 2140 1551 2185 iisdem
1568 2138 1658 2184 fere
1673 2138 1914 2183 honoribus
1931 2137 2155 2191 functum,
2173 2138 2327 2180 eodem
2347 2127 2473 2188 jure

1201 2197 1448 2257 præditum,
1460 2198 1578 2257 quod
1595 2199 1747 2243 Romæ
1763 2197 1929 2242 nobiles
1948 2198 2147 2252 habeant,
2165 2197 2296 2252 fuiſſe,
2307 2186 2474 2238 interim

1198 2255 1352 2290 Romæ
1376 2257 1660 2288 quantumvis
1682 2257 1956 2302 ſplendidum
1980 2261 2127 2284 virum
2150 2258 2342 2286 nobilem
2368 2225 2476 2280 haud

1198 2306 1414 2376 appellari.
1485 2318 1614 2364 Secus
1654 2329 1702 2358 ac
1733 2318 1931 2360 moribus
1956 2321 2111 2360 noſtris
2136 2319 2231 2359 fieri
2263 2310 2475 2360 videmus,
