1682 2557
223 409 423 455 ſationum
440 407 743 465 deprauatarum,
777 420 895 468 atque
909 408 1164 468 Hydropho-

224 484 335 527 biam
350 480 509 536 definit,
541 481 655 540 quod
667 480 714 527 ſit
731 481 909 527 effraenis
929 479 1165 538 potulento-

223 565 317 596 rum
338 551 550 604 auerſatio,
575 550 726 610 ſaepius
757 567 764 596 a
785 553 921 598 morſu
938 552 1065 598 rabidi
1082 557 1165 599 ani-

223 623 359 677 malis,
391 637 493 681 quae
507 623 647 667 omnia
660 638 710 668 an
726 637 818 669 vera
837 621 932 673 ſint,
960 637 1036 667 nec
1056 637 1126 677 ne,
1142 638 1165 667 e

224 698 261 758 §.
277 714 311 746 2.
328 714 369 747 et
382 701 573 747 Hiſtoriis
590 703 725 747 adlatis
739 702 875 746 videre
890 704 953 748 eſt.

587 774 624 831 §.
650 772 793 810 XXIII.

279 850 326 892 In
350 846 712 893 Obſeruationibus
742 849 800 892 Cl.
819 845 990 893 Köhleri
1012 846 1066 904 (§.
1084 848 1166 904 19.)

223 912 513 975 hydrophobia
527 913 693 969 quidem
700 913 932 967 adſcribitur
945 914 1164 964 inflamma-

224 983 332 1037 tioni
347 981 580 1033 ventriculi;
608 980 693 1035 ſed,
705 979 734 1027 ſi
749 982 1057 1035 circumſtantias
1071 988 1164 1039 pro-

224 1041 279 1086 be
295 1046 608 1099 perpendamus,
638 1049 800 1108 eaedem
814 1050 896 1100 fere
908 1053 1070 1111 fuerunt
1078 1071 1165 1117 cau-

225 1126 288 1179 ſae
314 1126 581 1184 occaſionales
605 1143 651 1173 ac
675 1128 717 1177 in
737 1128 943 1187 prioribus
963 1133 1167 1186 Obſerua-

225 1208 429 1264 tionibus,
458 1206 519 1265 (§.
532 1208 672 1264 17-22.)
694 1222 771 1252 nec
784 1206 865 1254 ſola
879 1208 1006 1255 adfuit
1018 1211 1168 1254 ventri-

216 1279 309 1322 culi
323 1277 599 1322 inflammatio.
655 1279 788 1323 Prima
808 1277 917 1322 enim
930 1279 1012 1334 agit
1026 1280 1077 1322 de
1091 1282 1168 1323 mi-

221 1341 314 1400 lite,
345 1344 415 1403 qui
439 1345 483 1387 in
504 1333 729 1401 vigiliarum
743 1345 912 1396 ſtatione
933 1362 1065 1401 prope
1084 1353 1168 1390 for-

221 1432 368 1472 nacem
383 1416 496 1477 ſupra
511 1418 685 1469 modum
709 1420 884 1467 calidum
903 1421 1169 1474 indormiens,

225 1493 444 1552 poſteaque
471 1495 689 1552 euigilans,
717 1495 774 1540 ob
795 1496 969 1538 nimium
991 1495 1168 1541 calorem

227 1569 269 1600 et
275 1569 371 1612 prae
381 1545 444 1603 ſiti
452 1569 501 1598 ex
508 1554 691 1602 conclaui
705 1555 932 1612 proſiliens,
948 1568 1168 1612 egregium-

195 1641 306 1688 que
321 1626 502 1673 hauſtum
516 1624 783 1687 frigidiſſimae
800 1645 840 1673 et
850 1632 1167 1686 ſemiconglacia-

225 1719 290 1757 tae
303 1722 427 1767 aquae
440 1707 603 1759 bibens,
617 1707 746 1757 ſtatim
757 1723 805 1752 ex
817 1715 1004 1765 corporis
1020 1715 1167 1752 horro-

226 1794 270 1823 re
293 1781 337 1824 in
360 1781 509 1826 aeſtum
533 1777 731 1823 ſummum
753 1781 956 1825 inciderat.
1010 1782 1168 1825 Venae-

226 1848 348 1894 ſectio
362 1836 456 1897 non
463 1846 584 1900 iuuit,
594 1860 673 1902 nec
687 1847 763 1891 vlla
777 1853 850 1891 alia
858 1853 1039 1891 remedia.
1095 1858 1168 1896 Ab

226 1928 425 1977 omnibus
433 1929 619 1987 liquidis,
647 1928 710 1972 vel
725 1943 749 1972 e
768 1928 995 1985 longinquo
1020 1928 1168 1976 oblatis

225 2011 268 2055 et
283 1996 527 2057 conſpectis,
556 2002 731 2044 ſummus
748 2010 876 2054 angor
890 2009 931 2041 et
944 2002 1074 2052 maior
1091 2005 1167 2045 ſin-

223 2067 369 2120 gultus.
424 2065 579 2133 (Igitur
579 2053 701 2133 etiam
711 2063 810 2121 ſepti
824 2075 1033 2118 transuerſi
1041 2077 1167 2114 adfuit
