2742 4002
311 701 663 769 retulerunt
695 699 926 780 nobis,
969 711 1261 796 quorum,
1298 695 1628 796 miniſterio
1671 709 1803 794 diu
1816 704 1951 793 vſus
1987 706 2187 791 fuit,

311 828 420 895 viri
472 823 600 897 fide
646 824 1023 917 digniſſimi,
1074 825 1462 918 affirmantes
1510 824 1810 923 inſuper,
1824 849 1926 909 ac
1973 833 2193 919 multis

312 940 682 1023 teſtimoniis
702 939 1179 1025 confirmantes,
1212 947 1582 1025 neminem,
1602 950 1717 1018 niſi
1744 956 1814 1017 in
1830 961 2044 1024 atroci
2073 965 2184 1032 cri-

308 1061 479 1131 mine
520 1051 1023 1138 deprehenſum,
1062 1068 1142 1119 ab
1167 1067 1385 1137 officio
1418 1073 1729 1138 deieciſſe,
1761 1078 2048 1152 deiectos
2064 1103 2183 1144 au-

307 1195 445 1243 tem
472 1159 641 1257 alibi,
674 1199 742 1246 et
757 1183 825 1244 in
854 1179 1165 1264 anguſtias
1179 1189 1524 1263 immeritas
1546 1194 1863 1264 adductos
1863 1200 1945 1265 in
1983 1204 2185 1271 digni-

305 1333 509 1388 tatem
530 1323 733 1392 amiſſa
742 1323 924 1392 haud
943 1325 1260 1392 minorem
1277 1317 1737 1414 ſaepenumero
1760 1326 1988 1416 curaſſe
2009 1324 2183 1419 reſti-

304 1441 604 1509 tuendos.

408 1653 574 1721 SED
595 1650 677 1721 ad
687 1646 955 1721 alteram
973 1641 1161 1741 poſiti
1192 1645 1496 1743 epitaphii
1516 1647 1760 1724 cauſam
1780 1646 2179 1745 progredior,

303 1766 499 1837 quam
534 1745 709 1822 fuiſſe
745 1747 1013 1824 diximus
1048 1742 1529 1842 prouidentiam
1562 1740 1955 1828 PRINCIPIS
1981 1742 2190 1843 noſtri

296 1863 562 1950 publico
596 1856 727 1933 hoc
754 1863 1180 1934 monimento
1204 1849 1560 1956 poſteritati
1593 1874 1738 1938 ſuae
1776 1879 1864 1962 pii
1903 1863 2184 1962 iuſtique

295 1976 541 2059 imperii
590 1973 892 2063 formulam
946 1990 1446 2058 praeſcribentis,
1507 1975 1587 2043 ad
1633 1999 1832 2065 quam
1868 1996 2190 2066 patriae

294 2095 488 2183 patris
518 2101 764 2164 nomen
794 2093 1047 2185 geſturi
1055 2088 1193 2174 ſua
1212 2097 1436 2168 omnia
1469 2094 1884 2188 dirigerent.
1976 2102 2181 2178 Nimi-

292 2232 436 2281 rum
454 2211 779 2287 difficilem
798 2215 1114 2302 regnandi
1134 2221 1367 2294 artem,
1380 2218 1482 2282 aui
1506 2218 1809 2306 exemplo
1836 2220 1903 2287 in
1929 2214 2039 2289 hac
2071 2219 2182 2291 ta-

291 2321 442 2421 bula
472 2317 819 2410 deſcripto,
844 2318 1109 2402 facilius,
1144 2340 1337 2412 quam
1353 2312 1864 2416 praeceptorum
1891 2324 2179 2401 multitu-

294 2453 444 2526 dine
483 2449 764 2545 intelligi
793 2454 971 2543 poſſe
1013 2470 1222 2536 ratus,
1282 2453 1409 2524 toti
1449 2457 1717 2527 familiae
1754 2477 2177 2536 communem

293 2562 469 2624 velut
523 2548 984 2651 praeceptorem
1020 2541 1209 2627 hodie
1239 2553 1578 2644 nuncupat
1606 2571 1802 2643 atque
1834 2540 2174 2647 praeficit

296 2701 714 2757 ERNESTVM.
759 2673 875 2738 Id
905 2687 1123 2736 autem
1153 2676 1283 2737 non
1307 2672 1410 2739 tui
1442 2674 1930 2749 commonendi
1944 2700 2042 2754 aut
2081 2689 2172 2746 in-

294 2798 675 2869 flammandi
692 2799 883 2870 cauſa
930 2794 1172 2869 factum
1201 2792 1337 2879 eſt,
1368 2802 1781 2873 FRIDERICE
1820 2806 2175 2894 HAERES,

295 2932 496 3002 quem
525 2931 753 2993 omnes
771 2916 1083 2985 nouimus
1113 2912 1303 2997 mori,
1333 2934 1536 3004 quam
1557 2914 1827 2990 foedari
1827 2915 2020 2991 malle,
2078 2929 2171 2993 at-

234 3045 428 3127 que
449 3039 599 3109 inde
621 3058 655 3106 a
681 3057 890 3127 puero
923 3041 1009 3115 ſic
1036 3044 1339 3120 imbibiſſe
1376 3045 1896 3124 ERNESTINAE
1938 3047 2172 3124 indolis

294 3145 582 3240 ſuccum,
610 3149 679 3221 vt
703 3149 784 3218 ab
804 3153 955 3233 hac
973 3153 1215 3230 virtutis
1250 3154 1377 3237 via,
1409 3169 1505 3222 aut
1533 3153 1750 3244 potius
1778 3156 1857 3224 ab
1878 3154 2009 3228 hoc
2029 3158 2175 3252 glo-
