1941 2793
687 486 794 517 locum
820 484 1009 525 referamus,
1045 487 1179 529 impedit
1199 491 1313 524 Verſus
1337 502 1406 533 11.,
1446 493 1502 527 ubi
1531 494 1747 542 Ephraimitae

683 538 742 569 illa
763 538 869 571 feciſſe
892 540 1041 572 dicuntur
1061 543 1152 575 obliti
1172 541 1371 579 facinorum,
1400 553 1481 588 quae
1501 544 1582 579 Jova
1603 549 1747 592 patribus

684 585 823 628 ipſorum
846 586 985 622 ediderit
1004 588 1037 620 in
1064 591 1155 623 exitu
1178 602 1220 623 ex
1241 592 1393 634 Aegypto.
1437 596 1541 628 Taceo
1565 599 1643 629 alias
1665 612 1745 631 con-

680 640 837 683 jecturas,
866 641 939 673 ſatis
958 642 1109 676 refutatas
1138 654 1158 677 a
1181 646 1403 686 Schnurrero,
1438 651 1493 690 qui
1513 659 1667 692 perquam
1690 665 1747 692 ap-

680 692 781 731 poſite
803 689 962 729 obſervat,
985 694 1084 725 verba
1105 696 1210 728 noſtra
1230 698 1275 728 ita
1300 696 1360 728 eſſe
1374 707 1571 742 comparata,
1593 712 1631 731 ut
1650 714 1745 732 unam

681 747 822 789 aliquam
844 755 975 790 eamque
996 752 1180 792 notabilem,
1207 759 1239 786 et
1260 758 1377 796 poetae
1395 754 1579 800 aequalibus
1594 760 1676 792 bene
1691 772 1744 791 co-

678 799 818 842 gnitam,
841 810 906 832 rem
930 802 1040 845 geſtam
1063 805 1198 839 innuere
1227 807 1370 841 debeant.
1417 808 1551 851 „,Atque,
1581 822 1673 853 quam
1694 815 1744 845 lo-

677 864 736 884 cus
770 854 825 884 hic
857 856 1005 888 carminis
1038 857 1181 899 ſpectare
1210 858 1316 903 poſſit,
1351 869 1492 904 pugnam
1520 865 1605 898 haud
1629 867 1743 900 fruſtra

676 906 824 947 requiras
849 909 884 939 in
914 910 1083 943 annalibus
1104 912 1254 946 Judaicis.
1296 926 1318 947 2
1351 915 1471 951 Chron.
1490 919 1585 953 XIII.
1615 922 1742 961 legitur,

677 960 764 993 bello
784 961 894 994 Abiam
916 962 1018 1001 inter,
1046 963 1258 1001 Judaeorum,
1282 972 1315 998 et
1335 967 1566 1010 Jerobeamum,
1588 969 1744 1006 Iſraelita-

675 1024 749 1046 rum
769 1026 876 1057 regem
896 1022 987 1059 orto,
1023 1020 1119 1054 illum
1139 1023 1376 1058 fortiſſimorum
1400 1025 1566 1059 hominum
1589 1030 1746 1070 quadrin-

674 1074 769 1110 genta
794 1072 896 1104 millia
917 1075 953 1104 in
985 1076 1082 1106 aciem
1106 1075 1246 1109 eduxiſſe
1267 1079 1352 1111 hunc
1372 1080 1482 1114 itidem
1507 1082 1740 1116 lectiſſimorum

673 1120 974 1162 fortiſſimorumque
994 1124 1131 1156 militum
1150 1126 1253 1158 millia
1267 1129 1456 1168 octingenta.
1500 1132 1563 1164 Ille
1574 1142 1615 1164 ex
1632 1139 1741 1166 monte

672 1171 851 1205 Zemaraïm
882 1175 919 1204 in
942 1179 1048 1212 tractu
1076 1175 1306 1220 Ephraimitico
1331 1182 1430 1213 verba
1450 1183 1489 1214 ad
1512 1184 1669 1217 Iſraelitas
1691 1180 1741 1218 fa-

672 1226 726 1264 cit,
746 1225 931 1260 Jerobeamo
952 1228 1118 1271 perfidiam
1137 1231 1172 1262 in
1193 1241 1302 1274 regem
1318 1243 1336 1264 a
1357 1233 1424 1268 Deo
1445 1236 1657 1276 conſtitutum,
1679 1250 1759 1280 po-

669 1280 751 1322 pulo
775 1282 944 1315 Sacrorum
966 1283 1173 1320 mutationem
1196 1292 1230 1320 et
1255 1298 1273 1319 a
1302 1300 1383 1323 vero
1410 1292 1552 1327 Numine
1583 1293 1738 1327 defectio-

670 1344 745 1366 nem
775 1337 968 1378 exprobrat,
1006 1342 1117 1371 contra
1140 1341 1171 1373 ſe
1193 1342 1328 1384 ſuosque
1358 1344 1394 1374 in
1422 1345 1553 1388 priſtina
1580 1347 1737 1390 religione

671 1391 703 1417 et
726 1386 857 1428 antiqua
877 1390 911 1419 in
929 1388 1041 1421 Jovam
1066 1391 1128 1423 ſide
1153 1392 1316 1436 perſtitiſſe
1339 1395 1517 1439 gloriatur;
1542 1398 1620 1436 hoc;
1644 1411 1737 1440 quem

668 1443 723 1475 illi
745 1442 960 1481 deſeruerint,
983 1445 1015 1476 ſe
1035 1455 1122 1478 nunc
1144 1449 1223 1479 duce
1247 1453 1280 1479 et
1300 1449 1425 1491 auſpice
1447 1451 1514 1490 uti,
1536 1452 1608 1498 veri
1631 1455 1734 1487 nomi-

668 1496 720 1525 nis
741 1495 933 1534 ſacerdotes,
964 1498 1120 1532 claſſicum
1142 1503 1218 1532 mox
1243 1507 1407 1543 canturos,
1430 1505 1461 1535 ſe
1483 1506 1587 1537 ſecum
1607 1508 1743 1551 habere,

670 1546 768 1579 Jovae
783 1547 880 1589 ipſius
897 1548 959 1580 ſeſe
976 1551 1098 1582 cauſam
1119 1560 1244 1593 agere;
1259 1554 1365 1586 nolint
1384 1556 1492 1599 igitur
1504 1558 1654 1591 adverſus
1677 1562 1734 1592 Jo-

669 1609 744 1631 vam
765 1598 886 1639 facere,
910 1612 927 1630 a
944 1600 1115 1644 majoribus
1132 1604 1273 1647 ipſorum
1298 1606 1439 1644 cultum,
1461 1608 1547 1650 quod
1561 1619 1628 1656 non
1644 1615 1735 1654 poſſit

667 1663 735 1685 non
752 1651 908 1687 ſuneſtum
923 1661 1072 1689 eventum
1090 1658 1216 1692 habere.
1262 1661 1383 1694 Deinde
1395 1670 1465 1696 cum
1482 1663 1594 1698 vident
1610 1665 1733 1707 Judaei,

665 1709 699 1742 ſe
713 1708 836 1743 inſidiis
860 1710 1095 1744 circumventos
1117 1715 1192 1754 eſſe,
1225 1719 1318 1757 atque
1333 1728 1346 1746 a
1359 1715 1464 1750 fronte
1485 1723 1517 1750 et
1533 1730 1552 1750 a
1568 1724 1657 1761 tergo
1673 1731 1733 1753 ur-

665 1757 752 1797 geri,
782 1754 882 1792 Jovae
912 1762 959 1805 ſui
982 1762 1075 1795 ſidem
1098 1763 1289 1807 implorant,
1326 1767 1541 1802 ſacerdotibus
1562 1773 1654 1803 tubas
1676 1776 1732 1804 in-

665 1809 833 1849 flantibus;
861 1820 936 1842 mox
960 1812 1060 1844 hoſtes
1084 1824 1102 1844 a
1124 1814 1192 1846 Deo
1214 1818 1349 1858 perculſi
1374 1820 1419 1849 in
1438 1822 1545 1861 fugam
1570 1820 1602 1851 ſe
1624 1830 1731 1863 conji-

664 1864 771 1904 ciunt,
792 1871 823 1896 et
847 1866 1036 1899 horribilem
1058 1868 1187 1910 ſtragem
1211 1873 1401 1913 caedemque
1423 1879 1602 1917 patiuntur.
1646 1881 1729 1911 Haec

664 1917 768 1952 clades
793 1927 862 1950 cum
882 1920 1057 1964 planiſſime
1078 1924 1203 1957 dicatur
1225 1927 1391 1960 conſecuta
1412 1929 1487 1968 eſſe
1494 1939 1530 1972 ex
1547 1932 1738 1965 defectione

660 1973 878 2007 Iſraelitarum
900 1986 920 2004 a
940 1973 1030 2014 Jova,
1054 1978 1151 2009 habes
1181 1978 1314 2018 omnino,
1337 1989 1403 2021 quo
1423 1981 1594 2024 reſpexiſſe
1615 1994 1729 2029 putare

662 2021 754 2060 poſſis
776 2026 898 2057 vatem,
930 2020 1169 2062 perhibentem,
1197 2023 1410 2067 Ephraimitas
1430 2043 1466 2068 in
1488 2042 1594 2077 fugam
1616 2057 1730 2084 conje-

662 2083 731 2108 ctos
755 2076 814 2107 eſſe
837 2082 1026 2120 propterea,
1065 2083 1150 2121 quod
1170 2083 1286 2116 foedus
1312 2082 1388 2116 cum
1414 2086 1495 2119 Jova
1514 2090 1632 2122 factum
1656 2099 1728 2122 vio-

659 2129 776 2168 larint,
808 2130 915 2170 inque
947 2132 1014 2174 ejus
1043 2133 1106 2166 fide
1136 2131 1333 2180 permanere
1350 2137 1586 2184 recuſaverint.
1630 2150 1726 2183 Quod

660 2189 766 2217 autem
801 2183 1021 2229 Ephraimitas
1051 2188 1134 2221 dicit
1169 2195 1264 2233 poeta
1299 2192 1471 2235 Iſraelitas,
1507 2198 1725 2231 difficultatem

658 2247 724 2268 non
748 2238 851 2270 habet.
896 2239 978 2271 Nam
1004 2245 1035 2272 et
1056 2241 1274 2281 Jerobeamus,
1305 2249 1417 2277 auctor
1441 2251 1651 2290 conditorque
1673 2267 1726 2281 re-

657 2294 713 2336 gni
735 2294 916 2340 Iſraelitici,
941 2296 1146 2340 Ephraimita
1159 2305 1233 2332 ortu
1255 2302 1317 2333 fuit
1346 2304 1379 2342 (1
1405 2304 1479 2347 Reg.
1502 2306 1557 2346 XI,
1580 2306 1662 2348 26.),
1693 2314 1726 2350 et

659 2345 841 2387 copiarum,
878 2356 954 2388 quas
984 2354 1097 2383 contra
1126 2352 1235 2386 Abiam
1264 2352 1392 2396 eduxit,
1420 2360 1587 2399 potiorem,
1608 2369 1725 2404 partem
