1367 2148
65 320 189 361 docet,
210 318 247 353 &
267 316 412 361 aƈtiones
412 312 498 356 legi
517 306 744 346 convenientes
765 305 852 346 eſſe,
874 305 909 339 &

69 388 126 411 per
146 385 198 406 eas
228 372 378 407 maximas
406 365 590 411 voluptates
612 366 645 397 in
669 363 818 406 ſupremo
840 365 908 398 gra-

65 418 121 462 du
121 416 371 464 longiſſimoque
384 416 533 457 tempore
549 410 643 445 effici.
659 407 822 451 Voluptas
837 411 909 435 cor-

69 470 159 508 poris
179 467 255 504 huic
274 464 433 511 ſyſtemati
452 462 499 496 eſt
518 459 674 494 ſummum
695 465 842 499 bonum,
872 458 912 484 ad

70 528 159 566 quod
180 527 287 562 omnia
307 523 419 559 referri
440 521 601 564 oporteat.
628 514 784 559 Epicurus
801 512 915 546 auƈtor

68 576 166 612 huius
194 575 348 612 doƈtrinæ
377 572 506 609 docet,
535 585 629 609 omne
662 576 775 607 animal
803 585 914 606 natum

77 628 152 676 eſſe,
163 637 198 666 ut
215 630 415 673 voluptatem
436 624 616 666 adpeteret,
633 618 845 660 doloremque
863 632 915 657 ad-

72 692 283 728 ſpernaretur,
307 685 358 723 &,
381 688 534 726 quantum
551 678 679 723 poſſet,
694 687 713 708 a
732 676 765 709 ſe
785 672 918 716 repelle-

73 750 151 784 ret,
173 745 239 787 ipſa
266 744 377 775 natura
406 734 590 779 incorrupte
611 735 705 774 atque
727 726 851 771 integre
872 726 919 758 iu-

71 798 220 837 dicante,
242 796 277 830 &
298 792 374 838 quid
394 790 518 825 bonum
537 786 600 827 fit,
631 790 685 818 aut
707 782 782 827 quid
802 779 921 814 malum

78 856 168 889 ſenſu
188 852 338 896 iudicari;
360 850 469 892 itaque
488 848 587 889 negat
608 843 734 876 ratione
751 848 834 883 opus
850 836 921 877 eſſe,

83 907 288 947 quamobrem
302 903 452 948 voluptas
473 896 670 942 expetenda,
678 891 850 938 fugiendus
866 890 923 924 do-

79 960 133 993 lor
146 958 194 995 ſit.

143 1013 204 1048 His
225 1013 259 1044 in
280 1005 541 1043 commemoratis
562 999 717 1035 doƈtrinis
736 994 928 1039 principlum

83 1058 259 1099 praƈticum
286 1057 322 1087 &
356 1053 446 1095 leges
474 1040 690 1082 univerſales
699 1047 759 1088 non
782 1038 928 1076 inveniri,

86 1116 156 1156 quis
178 1113 237 1151 eſt,
260 1111 315 1153 qui
333 1099 478 1144 neſciat?
498 1113 573 1138 nam
592 1101 682 1145 prior
698 1097 781 1133 ſeƈta
801 1095 931 1140 quidem

86 1175 237 1209 virtutem
265 1168 367 1209 dicit,
394 1177 429 1199 re
456 1173 532 1198 vera
560 1162 668 1194 autem
695 1155 812 1196 tollit;
833 1154 933 1189 altera

88 1223 324 1269 obligationem
352 1217 434 1263 legis
465 1213 595 1250 moralis
624 1224 642 1244 e
663 1209 832 1255 voluptate
852 1206 935 1240 deri-

89 1283 162 1319 vat,
183 1286 264 1320 quae
286 1276 320 1309 in
337 1269 529 1308 obſervanda
549 1266 604 1300 illa
625 1262 813 1311 adſequitur.
855 1260 937 1296 Hæc

90 1334 242 1376 voluptas
268 1333 374 1362 autem
402 1325 525 1368 ſemper
544 1319 717 1365 ſubjeƈtiva
737 1316 800 1356 eſt,
823 1324 882 1347 nec
901 1311 938 1344 in

89 1382 239 1429 ſapientis
266 1380 449 1426 poteſtate,
479 1376 548 1409 non
575 1370 721 1407 humanis
751 1368 861 1404 ſtudiis
885 1366 938 1398 ad-

91 1435 243 1483 quiritur,
265 1434 318 1467 ſed
338 1430 479 1471 fortuito
500 1424 662 1473 ſæpiſſime
687 1419 869 1463 contingit;
886 1417 938 1450 de-

92 1484 276 1523 terminatio
293 1482 378 1515 enim
394 1479 581 1517 officiorum
596 1472 769 1508 materialis
787 1467 943 1513 cognoſci

93 1543 195 1578 modo
222 1552 260 1574 ex
283 1534 478 1584 experientia
497 1528 633 1577 poteſt,
663 1534 824 1571 nunquam
844 1524 946 1569 igitur

95 1590 228 1628 derivari
249 1601 290 1626 ex
310 1587 365 1622 illa
385 1585 494 1627 legem
513 1580 632 1623 poſſe,
661 1584 731 1620 quæ
756 1582 867 1609 omnes
888 1579 943 1602 na-

94 1651 182 1688 turas
205 1634 355 1691 obliget,
368 1651 426 1687 per
444 1639 477 1675 ſe
497 1641 597 1684 patet.
