1393 2182
245 324 464 381 niſtranda,
493 318 661 388 legitime
883 328 919 383 §.
685 329 861 374 ordinata
938 322 971 373 I.
990 341 1107 386 pror-

244 382 308 426 ſus
335 396 418 426 non
452 382 657 428 ſequitur,
694 394 892 427 quatenus
925 381 1005 425 hoc
1032 386 1104 427 ſuo

246 434 432 491 fungitur
450 425 605 489 officio,
635 450 679 480 vt
707 427 814 480 bona
842 436 1105 479 moribundo-

247 508 342 538 rum
387 507 528 541 curare
564 496 741 546 debeat,
803 496 868 540 ſed
914 497 1103 540 animam.

246 540 401 605 Quodſi
428 552 672 595 contrarium
699 549 855 600 ſumas,
897 562 962 593 res
982 552 1105 595 iſtius-

245 609 359 655 modi
389 602 592 657 terreſtres
609 613 711 655 inter
729 611 905 657 caeleſtia
931 613 973 657 &
1001 612 1107 669 ſpiri-

244 673 343 716 tuali
362 674 487 718 eſſent
507 670 763 720 referendae,
801 683 905 727 quae
932 671 998 716 ſoli
1018 685 1104 729 par-

247 727 451 770 ochorum
468 739 587 769 curae
624 728 711 770 ſunt
746 721 969 785 mandata,
983 738 1108 782 quan-

248 785 302 830 do
328 787 372 829 &
403 794 601 840 quatenus
629 786 881 841 prouinciam
908 787 1016 830 ſuam
1042 799 1105 828 or-

249 855 356 885 nant.
412 837 549 895 Quod
568 857 662 886 cum
682 838 732 887 ſit
759 843 998 893 abſurdum,
1027 855 1104 884 nec

248 914 331 944 non
353 898 531 945 inſtitutis
551 901 693 943 diuinis
724 899 885 955 prorſus
921 901 1109 943 contrari-

249 961 361 1006 um,
414 956 639 1010 parochum
688 956 934 1014 obligatione
986 958 1106 1000 etiam

247 1012 486 1070 imperfecta
503 1025 583 1069 non
606 1014 740 1070 vrgeri
761 1013 810 1055 ad
829 1018 898 1055 res
924 1015 1108 1068 aegroto-

246 1081 344 1113 rum
370 1068 574 1112 terreſtres
600 1067 826 1116 curandas,
882 1078 993 1109 extra
1022 1080 1108 1110 om-

247 1138 344 1170 nem
362 1117 616 1170 dubitationis
642 1126 768 1168 aleam
797 1119 975 1181 ponitur.

598 1202 760 1242 Scholion.

350 1248 393 1287 In
430 1248 530 1288 omni
566 1247 631 1287 hac
669 1248 982 1287 demonſtrationis
1021 1247 1107 1289 ſerie

246 1313 345 1344 caute
361 1304 403 1342 &
420 1303 672 1354 circumſpecte
697 1304 959 1348 interſeruimus
976 1305 1104 1342 verba:

247 1360 413 1405 quatenus
432 1353 534 1404 officii
552 1353 656 1405 cauſſa
680 1363 832 1404 aegrotos
862 1354 1007 1406 viſitat,
1040 1364 1106 1394 cet.

247 1402 338 1444 lllud
358 1402 454 1439 enim
473 1404 698 1450 perſpectum
725 1402 765 1439 &
789 1402 1016 1451 exploratum
1044 1403 1107 1439 ha-

246 1456 375 1493 bemus
392 1463 539 1490 omnes,
577 1452 775 1501 parochum
799 1453 967 1502 neglecto
986 1454 1106 1492 officio

247 1506 331 1544 ſuo,
356 1513 434 1544 aut,
458 1503 481 1540 ſi
500 1506 613 1541 mauis
628 1505 697 1541 iam
716 1505 863 1554 peracto
882 1505 921 1542 &
935 1503 1106 1553 proffiga-

247 1562 300 1593 to,
318 1552 483 1593 nonnihil
497 1553 597 1592 alieni
612 1563 729 1603 agere,
763 1553 783 1591 &
798 1553 1103 1594 moribundorum

246 1611 359 1653 aeque
382 1614 421 1640 ac
452 1604 625 1642 heredum
653 1604 765 1652 petito
786 1602 885 1653 poſſe
906 1602 1105 1653 gratificari.

245 1660 333 1700 Hoc
344 1668 420 1696 non
431 1667 614 1705 negamus.
648 1660 682 1696 Si
696 1659 862 1707 neglecto
874 1655 1001 1706 aliquid
1021 1659 1105 1707 ege-

245 1707 292 1743 rit
309 1703 428 1745 officio
438 1702 580 1753 oppido
589 1706 757 1754 peccauit,
772 1705 811 1742 &
821 1704 975 1742 ſeueram
988 1716 1106 1742 mere-

245 1762 303 1797 tur
312 1755 504 1797 cenſuram.
537 1757 601 1800 Sin
601 1757 672 1800 rite
691 1756 838 1806 peracto
855 1756 917 1797 illo
927 1757 1102 1808 prospicit
