1621 2405
482 415 596 457 Litera
615 414 646 458 L
665 414 701 456 in
721 418 883 461 Quarto.

1070 428 1155 470 123

1038 500 1076 540 fl.
1096 499 1150 545 kr.

268 546 358 605 zwey
369 541 549 605 Predigten
568 557 598 597 zu
602 550 687 599 Hall
699 549 738 593 in
738 549 909 598 Sachſen,
909 549 1025 598 1546.

270 605 317 637 ꝛc.
343 599 409 638 das
435 598 482 644 1.)
499 595 579 637 aber
590 597 636 638 im
653 600 782 638 andern
797 596 930 645 Band,
951 600 1023 635 Lu-

273 652 358 688 theri
372 650 605 702 Epitaphium.
620 646 803 696 Wittenb.
824 654 927 697 1546.

263 704 353 740 Sind
366 711 445 744 zwey
459 698 582 740 Baͤnde.
793 699 806 736 ⸗
1037 711 1065 736 I.
1103 711 1123 736 ⸗

223 757 290 794 29.
312 748 447 789 Lutheri
463 748 693 795 Ermahnung
705 757 777 798 zum
790 751 892 799 Fried
903 747 969 795 auf
980 752 1032 795 die

276 822 333 851 12.
353 810 473 853 Articul
493 817 547 858 zur
565 807 809 861 Bauerſchafft
826 810 858 853 in
870 810 1035 860 Schwa⸗

275 864 352 910 ben,
377 870 473 904 1525.

267 908 310 945 Et
325 905 381 947 alia
398 906 492 957 plura
505 904 604 952 hujus
619 906 784 946 Authoris
799 902 1010 956 avtographa.
1053 925 1070 932 -
1101 915 1154 950 30.

229 970 289 1004 30.
307 963 430 1003 Leben
448 958 564 1009 unſers
579 962 777 1013 Erledigers
790 962 908 1014 JEſu
924 964 1031 1006 Chri⸗

244 1013 340 1072 ſti,
340 1013 422 1069 nach
433 1021 668 1071 Erlaͤuterung
679 1024 739 1066 des
749 1023 844 1071 Heil.
854 1021 1041 1072 Evangelii

276 1079 341 1115 mit
361 1079 467 1121 vielen
485 1076 713 1128 andaͤchtigen
734 1079 1035 1126 Betrachtungen.

277 1127 490 1177 Nuͤrnberg,
510 1135 617 1173 1514.

274 1174 381 1213 Rarus
395 1174 488 1211 liber.
671 1192 690 1203 -
790 1179 883 1206 -
1050 1181 1078 1208 I.
1111 1195 1129 1202 -

233 1238 291 1276 31.
312 1229 416 1267 Liceti
432 1236 520 1270 Fort.
544 1227 722 1281 Reſponſa
743 1230 786 1266 de
804 1230 961 1282 Quæſitis
982 1240 1040 1278 per

280 1281 453 1330 Epiſtolas
463 1285 528 1324 &c.
548 1284 725 1324 Bononiæ,
746 1285 850 1324 1640.

276 1327 383 1368 Liber
392 1326 497 1367 rarus.
513 1329 577 1368 vid.
592 1329 751 1368 Biblioth.
767 1328 946 1369 Mencken.
970 1336 1043 1375 pag.

235 1391 310 1427 213.
451 1396 566 1411 -
790 1387 810 1404 -
1052 1390 1084 1416 2.
1114 1392 1164 1428 30.

235 1434 297 1474 32.
330 1416 513 1478 Loͤſchers
553 1428 709 1472 Valent.
761 1429 1041 1471 Reformations-

287 1478 371 1521 Acta
371 1479 451 1521 und
462 1480 681 1516 Documenta
693 1480 759 1519 &c.
777 1469 910 1525 Leipzig.
1046 1489 1086 1520 2.
1114 1504 1134 1518 -

239 1545 293 1582 33.
311 1536 411 1585 Lydii
428 1535 550 1592 Jacobi
574 1531 761 1587 Syntagma
782 1538 921 1578 Sacrum
943 1537 986 1576 de
1006 1552 1043 1577 re

289 1590 446 1630 militari,
466 1596 529 1624 nec
548 1592 623 1627 non
643 1583 681 1636 de
703 1584 936 1635 jurejurando,
965 1598 1046 1626 cum

244 1643 406 1688 figuris
430 1641 532 1687 æneis
557 1635 821 1689 elegantiſſimis.
852 1650 932 1677 cum
957 1640 1050 1682 notis

288 1694 356 1740 Sal.
365 1711 438 1736 von
447 1697 504 1739 Til.
523 1699 700 1742 Dordraci,
714 1700 817 1741 1698.

282 1750 334 1793 Jn
343 1750 477 1788 Median
490 1747 631 1791 Format,
648 1746 871 1791 Frantz⸗Band.
1067 1752 1096 1786 3.
1120 1755 1172 1789 30.

245 1822 304 1862 34.
319 1821 399 1853 Lux
414 1818 449 1854 in
463 1811 642 1851 Tenebris.
659 1806 715 1846 vel
722 1802 904 1848 Drabicii
883 1806 943 1854 &c.
964 1806 1052 1845 Pro-

293 1864 413 1909 phetiæ
431 1863 590 1905 Donum,
608 1870 682 1909 quo
704 1862 798 1899 Deus
815 1861 991 1903 Eccleſiam
991 1861 1050 1903 E-

296 1922 506 1958 vangelicam
517 1925 635 1953 ornare
651 1907 804 1956 dignatus
823 1902 891 1952 eſt;
910 1908 1052 1950 ſubmiſ-

296 1966 337 2018 ſis
345 1973 443 2027 Sileſii
454 1971 745 2012 Revelationibus.
766 1973 873 2018 1657.

319 2019 412 2058 Cum
450 2017 565 2063 figuris
611 2011 702 2057 liber
737 2015 924 2057 rariſſimus.
979 2019 1049 2061 vid.

1095 2075 1187 2126 Bib-
