1260 1764
70 596 104 629 Se
114 596 222 628 ludicra
224 594 281 635 ſua
285 593 383 634 ſtudia
398 593 479 634 miſſa
482 592 586 632 facere
594 593 675 629 dicit,
713 596 729 625 &
753 596 795 625 ed,
809 598 871 630 quæ

146 635 184 665 ad
201 636 345 666 virtutem
361 633 484 668 ducunt,
503 632 648 672 ampleƈti:
661 630 707 669 ſic
720 636 819 660 tamen
837 637 873 661 vt

148 682 179 711 in
195 677 301 713 nullius
315 678 448 721 Magiſtri
467 678 554 709 verba
571 679 657 708 iuret.
701 676 871 716 Huiuſmodi

150 726 249 752 autem
265 720 316 760 eſſe
326 721 382 751 hæc
387 716 501 761 ſtudia,
514 726 549 749 vt
558 727 638 748 nemo
640 716 701 756 ſit,
715 726 766 757 qui
779 726 831 747 non
841 716 873 746 il-

150 766 184 795 lis
196 764 285 795 excoli
295 760 390 802 poſſit,
395 760 430 800 ſi
432 763 509 792 modo
518 761 674 798 patientem
684 768 784 789 aurem
799 769 872 789 com-

151 804 253 837 modet.
301 802 423 834 Tandem
428 807 556 840 prauum
569 800 714 831 hominum
723 799 874 834 iudicium,

149 847 290 877 virtutem
307 843 400 884 opibus
432 850 453 876 &
486 841 630 874 honoribus
642 842 873 883 poſtponentium,

149 897 201 923 &
219 898 282 930 quæ
298 888 412 929 corporis
425 888 517 925 ſunt,
539 896 595 917 non
608 895 672 927 quæ
675 885 751 925 ſunt
764 886 876 921 animi,

151 934 333 969 curantium,
356 930 540 972 reprehendit.

77 1000 120 1069 P

120 1000 194 1044 rima
207 1002 283 1036 diƈte
299 1001 389 1038 mihi,
408 997 518 1031 ſumma
532 999 653 1029 dicende
669 1006 814 1034 camœna,

141 1043 305 1084 Speƈtatum
318 1040 400 1078 ſatis,
417 1042 449 1073 &
461 1042 601 1072 donatum
610 1040 667 1069 iam
677 1040 755 1074 rude,
765 1038 874 1076 quæris,

75 1085 218 1116 Mæcenas,
247 1083 351 1112 iterum
363 1081 482 1121 antiquo
494 1090 541 1111 me
554 1083 702 1111 includere
714 1078 793 1109 ludo.

76 1127 151 1157 Non
164 1125 263 1154 eadem
271 1122 311 1153 eſt
327 1129 406 1157 ætas,
430 1130 491 1151 non
503 1131 594 1152 mens.
616 1118 776 1159 Veianius,
789 1118 874 1149 armis

75 1172 209 1202 Herculis
226 1169 260 1201 ad
279 1167 388 1208 poſtem
403 1167 480 1203 fixis,
502 1168 569 1200 latet
582 1165 696 1196 abditus
711 1172 797 1203 agro,

75 1215 126 1244 Ne
142 1211 285 1250 populum
298 1217 422 1240 extrema
436 1210 520 1240 toties
535 1216 632 1239 exoret
648 1216 739 1238 arena.

77 1255 126 1286 Eſt
138 1253 210 1284 mihi
223 1258 374 1292 purgatam
384 1250 486 1280 cerebro
505 1250 555 1287 qui
569 1247 702 1289 perſonet
711 1257 825 1285 aurem,

79 1295 166 1325 Solue
180 1292 370 1323 ſeneſcentem
383 1298 492 1320 mature
503 1288 585 1322 ſanus
597 1297 719 1327 equum,
737 1299 776 1317 ne

79 1340 177 1369 Peccet
190 1336 226 1366 ad
237 1344 397 1366 extremum
414 1334 563 1371 ridendus,
583 1335 614 1365 &
628 1335 676 1364 ilia
693 1334 784 1363 ducat.

77 1380 170 1410 Nunc
180 1378 275 1416 itaque
290 1378 323 1408 &
337 1375 431 1408 verſus
442 1376 474 1406 &
484 1383 582 1406 cætera
593 1374 702 1404 ludicra
716 1382 812 1412 pono:

79 1421 157 1462 Quid
175 1428 287 1460 verum,
305 1426 389 1458 atque
407 1417 525 1453 decens,
548 1426 631 1452 curo,
650 1415 681 1447 &
695 1425 784 1457 rogo,
807 1415 837 1446 &
849 1425 878 1445 o-

410 1459 486 1490 mnis
498 1458 529 1488 in
540 1458 597 1488 hoc
607 1455 686 1488 ſum:
