1588 2354
224 375 405 434 LIBER
405 383 569 441 XXIX
569 390 715 447 CAP.
715 397 844 453 XVIII

897 427 933 467 45

175 455 278 492 „niſſe
295 462 402 505 Pyrrhi
427 465 536 498 bello:
555 476 608 517 qui
634 487 749 514 quum,
777 485 816 506 ex
841 482 945 509 Sicilia

172 519 354 560 „rediens,
386 524 503 560 Locros
531 531 620 563 claſſe
647 542 950 594 præterveheretur,

172 572 284 606 „inter
300 576 358 608 alia
379 578 483 615 fœda,
508 594 577 621 quæ
605 599 728 629 propter
758 600 847 642 fidem
871 610 942 633 erga

167 636 258 658 „vos
278 631 311 661 in
335 631 494 666 civitatem
520 646 649 672 noſtram
673 655 807 702 facinora
832 659 937 717 edidit,

165 683 351 717 „theſauros
372 697 494 731 quoque
513 696 724 753 Proſerpinæ,
758 713 887 761 intactos
904 721 941 760 ad

171 744 267 768 „eam
288 738 391 776 diem,
413 744 593 801 ſpoliavit:
618 781 709 816 atque
729 777 792 814 ita,
811 780 939 821 pecunia

164 786 228 817 „in
247 796 340 823 naves
359 793 509 857 inpoſita,
527 820 589 863 ipſe
616 832 693 857 terra
711 826 755 859 eſt
772 829 938 873 profectus.

162 846 286 890 „Quid
296 859 371 895 ergo
382 860 506 896 evenit,
526 864 630 913 Patres
649 880 834 924 conſcripti?
852 885 936 933 Claſ-

160 904 229 936 „ſis
239 907 362 952 poſtero
374 911 423 944 die
440 916 596 949 fœdiſſima
606 936 782 963 tempeſtate
792 940 934 966 lacerata,

157 974 355 1013 „omnesque
368 981 480 1012 naves,
493 985 561 1018 quæ
581 983 690 1012 ſacram
704 995 862 1026 pecuniam
879 1001 931 1021 ha-

155 1016 337 1059 „buerunt,
356 1023 385 1056 in
404 1027 497 1057 litora
512 1036 613 1061 noſtra
630 1040 738 1071 ejectæ
756 1047 830 1067 ſunt.
854 1052 931 1078 Qua

154 1081 269 1108 „tanta
283 1080 369 1112 clade
382 1082 511 1127 edoctus
525 1090 644 1120 tandem
657 1093 746 1124 Deos
758 1100 818 1126 eſſe
831 1105 929 1138 ſuper-

152 1125 317 1160 „biſſimus
336 1138 409 1168 rex,
421 1139 579 1177 pecuniam
592 1152 713 1172 omnem
726 1159 928 1189 conquiſitam

151 1183 214 1217 „in
237 1186 393 1224 theſauros
410 1191 596 1240 Proſerpinæ
613 1204 720 1233 referri
739 1210 830 1246 juſſit.
858 1218 925 1243 Nec

150 1256 280 1285 „tamen
303 1255 351 1288 illi
380 1265 524 1303 umquam
551 1263 653 1306 poſtea
678 1273 812 1311 proſperi
835 1283 923 1316 quid-

152 1321 272 1353 „quam
293 1318 438 1353 evenit:
466 1321 630 1383 pulſusque
658 1331 763 1387 Italia,
789 1348 924 1396 ignobili

148 1363 268 1397 „atque
289 1353 447 1395 inhoneſta
464 1384 589 1426 morte,
619 1395 732 1433 temere
758 1401 847 1440 nocte
877 1406 923 1447 in-

147 1422 297 1466 „greſſus
317 1427 439 1471 Argos,
460 1443 621 1488 obcubuit.
659 1447 738 1493 Hæc
757 1463 850 1497 quum
869 1470 923 1507 au-

143 1475 262 1509 „diſſet
281 1481 397 1523 legatus
416 1491 539 1525 veſter,
565 1501 739 1533 tribunique
762 1516 917 1560 militum,

142 1527 209 1557 „&
226 1530 311 1563 mille
327 1536 402 1571 alia,
416 1551 486 1577 quæ
504 1557 571 1589 non
589 1564 733 1604 augendæ
755 1571 916 1615 religionis

141 1583 291 1625 „cauſſa,
318 1588 367 1620 ſed
391 1601 547 1636 præſentis
574 1608 654 1656 Deæ
681 1631 802 1669 numine
835 1629 915 1670 ſæpe

139 1654 328 1694 „comperta
337 1653 428 1687 nobis
444 1657 673 1704 majoribusque
686 1676 809 1721 noſtris,
835 1689 917 1726 refe-

137 1705 334 1750 „rebantur;
351 1710 414 1745 auſi
441 1712 508 1747 ſunt
531 1718 726 1753 nihilominus
751 1735 908 1772 ſacrilegas

135 1763 331 1801 „admovere
350 1779 455 1805 manus
467 1773 587 1808 intactis
605 1793 667 1822 illis
685 1791 847 1851 theſauris,
873 1810 908 1855 &

133 1821 291 1856 „nefanda
309 1821 410 1869 præda
433 1831 463 1863 ſe
482 1834 562 1876 ipſos
582 1848 617 1879 ac
632 1844 742 1887 domos
759 1877 904 1903 contami-

131 1889 233 1916 „nare
250 1884 315 1919 ſuas
328 1887 362 1921 &
378 1890 490 1927 milites
511 1897 637 1931 veſtros.
665 1905 807 1964 Quibus,
826 1932 904 1969 per,

961 495 991 538 U.
1005 497 1024 539 c.
1041 501 1106 547 548.

950 541 980 583 a.
1000 539 1020 555 C
1040 546 1105 566 204.
