1392 2385
178 622 366 671 perſonale,
385 623 439 656 vel
455 626 551 658 reale.
602 628 652 659 De
670 625 736 658 hoc
750 624 785 656 in
802 622 945 670 ſeqventi
964 623 1013 658 lit.

181 676 374 711 dicendum.
424 674 507 709 Illud
524 685 634 710 autem
660 679 702 719 1.)
721 684 776 708 non
793 673 864 706 ſunt
888 673 1013 718 Angeli,

182 737 284 775 Hebr.
302 737 353 774 II,
383 735 438 772 16.
488 737 567 771 Non
585 735 671 783 qvaſi
689 736 788 771 virtus
807 734 905 769 officii
923 745 1014 768 tanta

178 805 250 828 non
270 788 396 831 fuiſſet:
413 790 505 827 facilè
524 795 601 827 enim
614 786 860 837 ϑεάνϑρωπος
872 801 937 823 non
951 790 1010 823 mi-

177 849 242 885 nùs
255 860 311 896 pro
324 848 462 896 angelis,
480 849 576 894 qvàm
595 861 654 897 pro
674 850 865 885 hominibus
885 847 1013 884 ſatisfa-

179 918 256 942 cere
274 904 450 955 potuiſſet,
470 905 526 940 ſed
543 907 630 952 qvòd
648 905 929 953 imperſcrutabilis
948 907 1011 942 Dei

189 964 346 1000 voluntas
356 963 399 997 ad
408 961 542 1008 angelos
551 974 620 998 non
630 962 816 1012 reſpexerit.
866 965 941 997 Nec
959 963 1014 1009 2.)

182 1024 326 1072 Chriſtus
339 1024 422 1072 ipſe,
443 1032 482 1058 ut
493 1026 663 1059 Sociniani
675 1021 816 1070 fingunt.
866 1024 957 1058 Nam
976 1025 1014 1058 li-

183 1075 238 1110 cèt
256 1073 399 1113 humana
416 1075 544 1109 Natura
560 1073 662 1113 fuerit
680 1083 849 1113 creatura,
870 1071 946 1105 ideò
964 1082 1013 1107 ta-

184 1145 264 1164 men
280 1143 347 1164 non
363 1121 527 1174 peccatrix
542 1135 599 1163 aut
616 1128 679 1175 legi
694 1130 814 1165 divinæ
830 1130 869 1163 de
886 1127 917 1162 ſe
937 1126 1012 1163 ſub-

183 1194 291 1232 jecta,
308 1196 423 1221 contra
434 1179 533 1232 qvam
548 1192 683 1232 peccare
697 1188 870 1232 potuerit,
887 1186 1013 1224 Matth.

181 1252 274 1290 XIl,
292 1252 327 1285 8.
364 1246 438 1295 qvia
453 1245 666 1294 perſonaliter
684 1248 728 1285 eſt
745 1249 837 1283 unita
856 1238 970 1291 λόγω,
994 1243 1014 1279 à

182 1310 322 1345 peccato
339 1296 491 1345 originali
507 1307 584 1332 ante
603 1297 762 1333 unionem
775 1296 790 1331 à
800 1298 921 1344 Spiritu
932 1290 1013 1333 San-

181 1357 238 1390 cto
260 1362 429 1402 purgata,
453 1353 530 1389 Luc.
556 1353 588 1396 I,
617 1362 674 1396 35.
726 1352 899 1392 Conferat.
911 1354 1014 1390 Hebr.

182 1413 264 1453 VIl,
282 1413 341 1446 26.
378 1412 462 1445 Dan.
480 1409 549 1452 IX,
572 1410 627 1447 26.
664 1405 806 1454 Johann.
823 1410 917 1450 VIII,
935 1405 1013 1452 46.,

140 1447 222 1495 &
248 1453 346 1492 nobis
367 1452 445 1489 ſolis
470 1452 557 1488 illius
573 1454 726 1488 meritum
742 1452 909 1490 tribuitur.
931 1451 1015 1488 Eſai.

183 1515 309 1553 XLIIl,
328 1521 385 1555 24.
409 1513 477 1554 IX,
496 1512 531 1551 6.
565 1523 594 1550 c.
605 1512 668 1551 Ill,
683 1512 802 1555 4.5.6.
835 1512 935 1550 Zach.
951 1513 1013 1550 IX,

186 1569 244 1597 II.
281 1571 311 1597 I.
327 1556 476 1596 Timoth.
495 1558 525 1597 I,
552 1567 606 1599 15.
659 1559 715 1604 Per
731 1559 926 1594 Particulam
940 1549 1014 1595 διὸ,

182 1614 322 1662 Philipp.
338 1610 392 1649 lI,
425 1620 460 1654 9.
474 1619 677 1659 neqvaqvam
694 1610 898 1651 inſinuatur,
926 1608 1015 1656 qvaſi

182 1662 328 1698 Chriſtus
345 1671 387 1694 ex
401 1660 516 1695 merito
522 1656 567 1703 ſit
580 1658 764 1697 exaltatus,
781 1658 834 1693 ſed
852 1658 940 1707 qvόd
952 1669 1011 1691 ex-

181 1714 299 1745 altatio
314 1708 423 1745 ordine
431 1709 543 1754 ſecuta
555 1708 657 1751 fuerit
673 1709 951 1749 exinanitionem,
979 1709 1015 1742 &

182 1763 250 1801 hæc
257 1764 343 1813 qvaſi
353 1765 404 1799 via
412 1762 511 1801 fuerit
520 1764 560 1797 ad
569 1762 808 1799 exaltationem,
842 1771 909 1809 atq;
925 1761 1016 1797 idem

182 1816 364 1854 tenendum
389 1817 430 1852 de
456 1816 557 1854 Hebr.
578 1818 618 1854 Il.
637 1827 673 1862 9.
706 1817 784 1852 Luc.
807 1817 940 1852 XXIV,
956 1817 1015 1849 26.

161 1870 262 1909 Nec
290 1868 349 1915 3.)
364 1870 432 1904 Soli
443 1869 569 1910 Electi,
583 1870 674 1916 qvod
686 1869 732 1905 eſt
746 1869 1015 1905 Calvinianorum

170 1918 355 1956 ſomnium,
381 1913 444 1946 ſive
462 1912 609 1948 officium
625 1914 708 1948 iſtud
722 1914 852 1947 ratione
867 1913 922 1947 vel
933 1907 1016 1955 ſuffi-

181 1971 331 2008 cientiæ,
359 1966 412 2000 vel
425 1964 590 2010 efficientiæ
608 1966 796 2015 ſpectetur,
820 1975 961 2010 qvorum
979 1964 1016 1994 il-

159 2019 238 2056 lud
252 2022 417 2063 qvidem,
442 2027 510 2047 non
527 2017 608 2051 verò
624 2020 692 2048 hoc
709 2017 892 2059 largiuntur
906 2006 1018 2048 Calvi-

180 2074 299 2120 niani;
314 2071 373 2111 niſi
381 2070 554 2112 eſficientia
565 2083 624 2119 pro
634 2070 890 2120 apprehenſione
900 2069 1020 2108 actuali
