2271 3170
314 605 380 648 det
406 603 541 662 ſponte
564 603 624 649 ſua
647 606 786 650 exinde
801 608 936 657 fluere,
958 622 1089 652 totum
1106 611 1215 666 Legis
1229 613 1407 655 naturalis
1431 615 1599 657 valorem

314 679 334 706 a
346 666 505 710 Summa
515 667 700 710 Poteſtate
720 667 938 724 dependere,
960 674 1080 729 eamque
1110 665 1216 722 illam
1234 686 1304 727 pro
1315 671 1435 715 lubitu
1453 686 1601 716 mutare

313 721 427 777 poſſe.
489 723 608 775 Quod
623 737 709 765 cum
735 727 926 781 principiis
946 729 1079 771 noſtris
1103 743 1124 769 e
1140 728 1327 772 diametro
1347 731 1390 773 ſit
1419 735 1602 776 contrari-

313 791 402 830 um,
424 784 547 836 paucis
569 780 907 830 Malmisburienſis
930 785 1150 845 Philoſophi
1180 785 1409 832 ſententiam
1435 788 1601 847 diſpicia-

314 862 413 891 mus.

908 913 943 959 §.
1005 916 1053 950 V.

406 962 586 1003 Putamus
617 971 747 1003 autem
771 962 982 1005 maximam
1006 960 1242 1023 Legislatoris
1266 966 1448 1017 (humani
1464 971 1596 1024 etiam)

310 1017 380 1062 eſſe
404 1021 667 1078 iniquitatem,
686 1019 709 1060 ſi
731 1020 873 1078 legibus
896 1022 964 1067 ſuis
991 1023 1135 1068 factum
1167 1024 1319 1084 aliquod
1343 1027 1519 1083 injuſtum
1542 1032 1595 1076 di-

311 1065 397 1122 cat,
422 1087 496 1116 nec
516 1072 642 1123 ſimul,
665 1076 863 1134 quomodo
892 1078 965 1122 tale
986 1079 1130 1122 factum
1155 1087 1443 1132 committatur,
1462 1084 1594 1141 addat;

312 1136 422 1181 Idem
448 1138 558 1193 eſſet,
584 1140 609 1181 ſi
628 1141 690 1182 LL
712 1137 892 1198 quasdam
917 1154 982 1198 per
1003 1155 1219 1200 præconem
1243 1145 1519 1205 promulgaret,
1534 1146 1604 1190 tali

309 1206 512 1252 conceptas
528 1196 674 1253 lingua,
690 1212 806 1253 quam
817 1199 1058 1245 ſubditorum
1082 1217 1202 1246 nemo
1218 1202 1464 1264 intelligeret,
1478 1208 1515 1247 &
1539 1207 1594 1244 ni-

306 1250 538 1301 hilominus,
551 1263 592 1293 ut
609 1252 810 1296 inviolatas
825 1254 902 1296 illas
919 1256 1134 1306 ſervarent,
1152 1260 1372 1314 imperaret,
1384 1265 1466 1302 imo
1476 1275 1595 1303 trans-

309 1313 487 1365 greſſores
511 1317 632 1360 ſevera
666 1315 830 1361 afficeret
859 1331 983 1372 pœna.
1039 1320 1157 1370 Quod
1155 1317 1194 1375 ſi
1216 1323 1330 1378 igitur
1351 1322 1438 1366 talia
1464 1322 1596 1368 crude-

308 1370 456 1413 litatem
476 1374 518 1417 in
544 1376 704 1417 homine
728 1371 927 1432 ſaperent,
953 1378 1036 1432 quis
1071 1393 1113 1420 ea
1143 1379 1191 1422 de
1224 1382 1399 1424 Numine
1425 1381 1594 1429 ſanƈtiſſi-

307 1439 377 1469 mo
399 1429 465 1471 ſibi
489 1426 739 1484 conciperet?
756 1426 807 1483 Et
823 1432 995 1488 profecto
1012 1434 1038 1476 ſi
1060 1436 1194 1477 omnia
1212 1433 1383 1478 accurate
1404 1439 1597 1482 examine-

302 1497 416 1537 mus,
443 1488 681 1532 Hobbeſium
704 1491 780 1532 ima
794 1485 948 1533 ſummis
965 1487 1117 1536 miſcere
1133 1503 1311 1550 apparet:
1337 1497 1464 1540 Potius
1486 1500 1594 1541 enim

305 1543 373 1597 Jus
391 1555 533 1586 naturæ
562 1545 608 1588 ſic
637 1546 810 1592 dictitat:
844 1548 1072 1605 Quicunque
1100 1550 1327 1594 concumbit
1356 1565 1446 1595 cum
1480 1566 1599 1597 uxore

303 1594 486 1647 alterius,
508 1604 536 1642 is
563 1599 691 1642 turbat
715 1599 960 1647 ſocialitatem
979 1608 1015 1643 &
1046 1614 1198 1661 peccat;
1220 1610 1295 1655 Qui
1324 1612 1488 1650 alienam
1512 1627 1598 1651 rem

304 1649 515 1713 frauduloſe
535 1658 764 1719 contreƈtat,
784 1660 812 1700 is
828 1671 954 1716 peccat
969 1666 1038 1703 &c.
1065 1669 1102 1704 &
1120 1668 1351 1723 Magiſtratui
1375 1671 1598 1710 facultatem

301 1715 428 1765 potius
448 1729 532 1756 eam
551 1717 826 1762 tantummodo
842 1719 1047 1777 relinquit:
1072 1733 1115 1762 ut
1133 1725 1225 1764 illud
1245 1731 1408 1766 nomine
1422 1730 1597 1768 adulterii

302 1773 380 1810 hoc
382 1772 482 1826 furti
496 1772 670 1829 appellet,
685 1774 930 1830 debitamque
939 1790 1091 1833 pœnam
1100 1785 1235 1836 exigat,
1245 1786 1295 1820 ita
1306 1795 1449 1830 tamen,
1459 1799 1502 1822 ut
1512 1789 1598 1824 nul-

302 1820 387 1862 lum
402 1824 572 1863 inultum
585 1825 778 1879 relinquat
791 1836 954 1871 crimen,
970 1843 1047 1882 quo
1057 1842 1090 1868 &
1103 1836 1186 1870 læſo,
1217 1844 1253 1870 &
1270 1841 1413 1885 juſtitiæ
1429 1843 1591 1898 ſatisfiat,

303 1872 441 1931 aliique
453 1872 485 1916 a
500 1877 610 1918 ſimili
624 1879 725 1919 facto
742 1892 997 1934 perpetrando
1020 1893 1291 1927 deterreantur.

875 1983 911 2015 §.
969 1987 1033 2015 VI.

396 2001 480 2057 Nec
493 2015 587 2055 ullus
610 2015 831 2055 necesſitatis
843 2016 949 2056 caſus
970 2022 1175 2058 hominem
1204 2033 1269 2069 Jus
1284 2041 1427 2081 naturæ
1446 2035 1591 2086 violan-

305 2068 387 2119 tem
405 2073 573 2121 excuſare
589 2076 723 2138 poteſt.
779 2079 1011 2125 Notandum
1028 2095 1184 2126 autem:
1212 2087 1256 2127 In
1271 2093 1382 2128 omni
1399 2094 1589 2133 neceſſita-

303 2139 350 2178 tis
368 2137 452 2182 caſu
478 2137 568 2181 duas
593 2151 816 2185 concurrere
846 2138 981 2198 Leges,
1012 2154 1094 2198 quæ
1123 2144 1210 2188 licet
1243 2144 1389 2190 diverſo
1413 2166 1592 2206 tempore

302 2195 436 2243 ſervari
452 2196 681 2257 potuiſſent,
684 2210 820 2248 tamen
834 2201 911 2246 hoc
923 2213 1105 2259 tempore
1115 2206 1157 2246 in
1172 2218 1251 2247 uno
1268 2211 1484 2263 eodemque
1506 2218 1588 2256 caſu

301 2263 412 2310 ſimul
426 2265 576 2328 impleri
599 2281 807 2327 nequeunt.
818 2274 853 2333 f.
883 2260 978 2323 Ubi
1001 2260 1175 2339 ſemper
1196 2266 1297 2322 illa,
1319 2288 1413 2341 qvæ
1433 2272 1589 2332 fortius

300 2317 508 2397 obligat,
510 2323 813 2389 obſervanda.
862 2336 1060 2396 Quasnam
1090 2355 1183 2396 vero
1212 2363 1260 2403 ex
1294 2355 1359 2404 hac
1392 2361 1591 2401 univerſali

971 2411 1002 2461 B

1509 2447 1592 2487 par-

1650 974 1824 1021 Reſutatur

1614 1030 1676 1068 hæc
1696 1036 1825 1079 ſenten-

1616 1083 1685 1124 tia,
1708 1089 1800 1134 qvod

1614 1142 1729 1168 pugnet
1750 1147 1823 1166 cum

1605 1190 1738 1237 juſtitia
1747 1193 1802 1230 di-

1612 1235 1709 1282 vina.

1624 2053 1692 2101 Nec
1701 2059 1738 2102 in
1747 2062 1823 2106 caſu

1607 2110 1792 2162 neceſſitatis

1612 2158 1696 2206 homo
1709 2173 1820 2207 contra

1611 2214 1643 2254 J.
1663 2214 1707 2248 N.
1729 2225 1820 2263 agere

1604 2276 1713 2317 poteſt.

318 2466 343 2508 f
359 2470 459 2505 Grot.
475 2467 517 2503 de
534 2470 556 2513 J.
578 2472 613 2510 B.
630 2472 665 2508 &
679 2470 718 2513 P.
733 2468 822 2512 Lib.
822 2475 857 2521 2.
864 2478 927 2517 cap
948 2472 1023 2513 .16.
1040 2471 1073 2519 §.
1101 2486 1141 2520 28
1163 2487 1197 2520 &
1214 2487 1272 2519 29.
1293 2493 1330 2531 n.
1348 2494 1373 2530 1.
