1711 2209
756 292 778 314 1.
788 291 814 315 e.
829 279 1055 324 transvaſatio,
1064 277 1183 319 infuſio
1194 279 1254 316 ſive
1264 276 1383 328 poſitio
1402 279 1500 314 unius
1512 277 1581 317 vaſis

755 331 792 366 in
802 329 950 372 alterum,
959 329 1096 366 minoris
1106 330 1225 367 ſcilicet
1236 329 1273 365 in
1287 328 1410 374 majus,
1427 337 1463 360 ex
1478 327 1583 374 ἀγτϵῖον

758 394 828 421 vas.
876 381 1072 423 Docuerunt
1085 376 1187 427 enim,
1196 376 1277 427 circa
1289 385 1328 418 A.
1342 381 1380 417 C.
1389 391 1462 419 221.
1517 384 1582 419 Fili-

755 439 816 465 um
823 430 869 466 ita
877 429 913 463 in
921 429 1016 465 Patre
1023 425 1102 468 eſſe,
1116 424 1197 463 ſicut
1205 437 1259 461 vas
1264 431 1401 475 parvum
1416 431 1452 459 in
1468 438 1580 474 magno

754 478 822 519 eſt,
837 489 872 512 ac
877 471 1020 526 proinde
1028 479 1152 517 Filium
1161 479 1256 514 Patre
1271 480 1437 513 minorem
1451 481 1581 514 credide-

751 541 839 572 runt.
891 531 1034 572 Eosdem
1042 540 1183 577 qvoqve,
1204 541 1281 566 cum
1299 532 1581 580 Anthropomorphi-

755 589 810 631 tis,
823 597 941 634 corpus
950 586 1101 626 naturale
1109 583 1172 633 Deo
1195 585 1360 633 tribuiſſe,
1375 587 1470 624 refert
1491 587 1583 632 Roſſæ-

755 650 795 672 us
802 638 837 673 de
845 637 938 685 Relig.
948 628 1061 682 mundi
1061 634 1135 681 pag.
1146 641 1228 683 263.
1260 636 1338 674 Vid.
1351 635 1429 672 alias
1434 637 1582 684 Auguſtin.

755 692 794 726 de
801 689 911 733 Hæreſ.
918 699 985 737 cap.
987 697 1037 730 58.
1053 689 1120 734 Joſ.
1125 688 1221 724 Arnd.
1230 692 1303 726 Lex.
1310 685 1447 724 ant.eccl.
1451 685 1581 735 pag.463.

757 742 957 786 Philaſtrium
966 741 1132 782 Petrejum.
1141 738 1180 775 &
1187 740 1279 778 alios.

705 797 936 831 METISTÆ;
964 794 1042 831 Vid.
1052 792 1197 831 Mediani.

705 848 907 886 MICHAëL
930 846 1195 893 SELLARIUS;
1210 847 1264 882 De
1271 845 1337 882 hoc
1356 842 1496 887 Petrejus
1503 845 1584 880 catal.

756 896 827 930 hær.
829 896 899 938 ſub,
910 896 973 934 hoc.
986 897 1043 934 Tit.
1073 894 1203 931 Docuit
1210 902 1357 941 tempore
1365 895 1470 930 Caroli
1480 897 1513 930 V.
1522 897 1584 939 Imp.

756 953 909 990 tanquam
918 939 1143 993 anteſignanus
1167 938 1318 994 Anabapti
1327 967 1462 985 ſtarum,
1475 941 1589 977 Roten-

757 994 858 1044 burgi
865 996 907 1031 ad
912 996 1119 1033 Neccarum:
1141 999 1269 1032 Verum
1280 995 1407 1043 Corpus
1415 993 1453 1029 &
1462 990 1584 1042 Sangvi-

758 1058 837 1084 nem
854 1045 976 1084 Chriſti
984 1058 1052 1082 non
1068 1038 1126 1082 eſſe
1134 1046 1171 1081 in
1187 1045 1218 1081 S.
1233 1056 1338 1083 cœna.
1388 1045 1510 1078 Pueros
1525 1054 1584 1078 non

758 1096 983 1146 baptizandos.
1040 1096 1269 1146 Juramentum
1294 1095 1511 1145 ſuperioribus
1527 1106 1585 1130 non

760 1148 991 1198 præſtandum.
1012 1148 1129 1187 Turcis
1137 1160 1205 1183 non
1214 1146 1420 1186 reſiſtendum
1435 1145 1493 1196 &c.
1507 1147 1585 1184 Idem

756 1200 837 1240 teſte
845 1206 952 1241 Surio,
970 1201 1006 1237 A.
1021 1211 1094 1244 1527.
1115 1200 1217 1243 Maji,
1232 1199 1353 1237 exſecta
1367 1200 1455 1248 prius
1469 1198 1586 1246 lingva,

757 1251 939 1301 forcipibus
947 1253 1054 1299 igneis
1062 1252 1239 1290 dilaniatus
1247 1253 1305 1296 eſt,
1315 1253 1370 1291 ſed
1376 1255 1449 1293 NB.
1460 1267 1478 1288 a
1486 1253 1586 1288 Ponti-

758 1304 861 1344 ficiis,
876 1305 927 1349 qvi
943 1300 1109 1340 hæreticos
1117 1301 1204 1338 hunc
1213 1302 1250 1338 in
1266 1296 1407 1340 modum
1414 1300 1587 1339 tractandos

759 1355 830 1398 eſſe,
843 1355 999 1393 ſtatuunt.

708 1415 965 1449 MILETIANI:
979 1412 1057 1450 Vid.
1073 1411 1242 1450 Meletiani.

706 1462 997 1501 MILLENARII,
1014 1459 1163 1495 Veniunt
1179 1456 1244 1491 hoc
1252 1456 1389 1494 nomine
1401 1457 1451 1493 illi
1467 1458 1588 1495 omnes,

760 1513 815 1557 qvi
823 1509 988 1547 ſtatuunt:
1006 1509 1162 1558 Regnum
1181 1510 1302 1547 Chriſti
1311 1509 1402 1546 mille
1416 1521 1471 1557 per
1477 1517 1587 1545 annos,

760 1568 836 1593 ante
851 1557 1020 1605 Judicium
1029 1568 1209 1592 extremum,
1245 1555 1304 1592 eſſe
1313 1557 1348 1593 in
1367 1558 1458 1592 terris
1467 1556 1587 1592 duratu-

759 1620 845 1649 rum,
863 1606 918 1643 ſub
927 1620 988 1653 qvo
998 1608 1091 1644 electi
1102 1608 1214 1643 multis
1224 1605 1444 1654 corporalibus
1452 1605 1587 1654 volupta-

756 1661 847 1699 tibus
854 1662 986 1698 fruituri
994 1660 1072 1704 ſint,
1090 1662 1207 1703 Satana
1223 1660 1329 1706 ligato
1337 1659 1374 1697 &
1382 1659 1494 1707 impiis
1501 1657 1587 1696 truci-

759 1714 854 1752 datis.
875 1714 952 1750 Vid.
962 1717 1021 1751 Tit.
1033 1713 1191 1759 Chiliaſtæ,
1208 1712 1244 1746 it.
1261 1711 1486 1755 Arnhemenſes.

705 1767 1019 1810 MIRABILIARII;
1041 1766 1064 1798 i‧
1075 1777 1101 1802 e.
1121 1763 1306 1805 Donatiſtæ,
1321 1759 1362 1796 ab
1377 1762 1540 1811 Auguſtino
1549 1761 1589 1794 ita

760 1809 929 1861 appellati,
952 1812 1025 1859 qvia
1042 1809 1200 1850 miracula
1216 1810 1247 1849 ſe
1256 1809 1358 1849 multa
1371 1809 1466 1850 edere
1479 1808 1590 1859 gloria-
