1487 2228
420 228 505 275 264

825 240 951 293 Feſta

437 323 498 359 sùs
520 324 715 360 Othonem
739 322 1006 369 Imperatorem
1033 321 1183 368 egreſſi,
1202 331 1286 357 cùm
1309 323 1393 358 aliàs

435 369 591 407 Auſtriæ
602 372 638 407 &
654 367 806 416 Bojariæ
818 368 913 404 ædes
933 367 1064 411 ſacras,
1087 369 1247 415 oppida,
1264 384 1390 409 cœno-

438 417 518 463 bia,
539 418 637 455 ferro
651 417 687 454 &
710 416 797 466 igne
828 418 1039 465 populantes
1062 420 1302 462 evertérunt,
1318 426 1395 453 tum

436 473 604 522 Friſingæ
616 472 726 511 ſancti
741 473 827 512 Viti
838 474 874 510 &
884 470 1062 521 Stephani
1070 471 1207 521 templa
1221 470 1394 507 incendio

438 523 682 565 delevérunt:
704 524 740 561 &
757 523 841 560 cùm
852 521 1023 574 Principi
1023 522 1172 573 templo
1191 521 1332 561 ibidem
1347 521 1395 559 fa-

441 586 503 612 ces
519 576 739 619 ſubderent,
767 573 901 610 nebula
916 574 1068 622 repentè
1079 574 1246 622 undíque
1260 574 1397 609 circum

438 625 477 661 &
503 623 683 672 ſuperfuſa
705 624 886 660 flammam
909 622 1027 660 arcuit,
1077 631 1121 658 ut
1143 634 1213 660 nec
1236 620 1397 661 malleoli

436 671 564 721 ignem
575 672 795 722 concipere,
807 685 877 709 nec
887 670 986 722 ignis
996 677 1113 711 ædem
1123 675 1257 711 ſacram
1268 674 1397 711 lædere

436 728 517 764 ullo
560 727 675 763 modo
698 724 908 772 potuerit;
941 724 1043 771 quod
1074 726 1212 762 meritò
1235 726 1340 763 votis
1365 726 1398 761 &

436 773 617 822 ſanctitati
642 772 825 821 Pontificis
844 776 899 816 ibi
914 775 1087 826 degentis
1104 787 1183 813 erat
1195 776 1399 815 adſcriben-

439 827 540 867 dum.
594 824 778 877 Migravit
797 827 842 863 ad
860 817 1067 865 Dominum
1086 835 1183 860 anno
1193 833 1401 873 nongente-

439 880 527 917 ſimo
542 876 846 929 quinquageſimo
863 887 995 929 quarto
1022 877 1188 916 calendas
1211 876 1396 918 octobris:

439 933 537 973 rexit
546 931 740 972 Eccleſiam
753 930 859 969 annis
876 925 1126 985 undeviginti.

471 1006 510 1040 ꝶ.
540 998 643 1028 Inveni
665 999 762 1031 David
778 998 887 1029 fervum
904 1005 1000 1027 meum,
1049 998 1118 1027 oleo
1133 999 1234 1037 ſancto
1251 1007 1318 1038 meo
1333 1001 1400 1038 unxi

440 1049 520 1070 eum:
536 1048 561 1072 ⁎
589 1046 696 1074 Manus
712 1042 788 1072 enim
807 1053 869 1072 mea
895 1041 1069 1073 auxilabitur
1093 1042 1129 1075 ei.
1153 1043 1194 1085 Ꝟ.
1220 1042 1301 1073 Nihil
1319 1041 1402 1082 profi-

440 1081 497 1111 ciet
523 1081 657 1115 inimicus
674 1080 705 1111 in
724 1091 784 1115 eo,
812 1082 841 1112 &
869 1082 946 1113 filius
969 1083 1132 1121 iniquitatis
1152 1091 1216 1118 non
1232 1087 1351 1122 nocebit
1368 1083 1401 1121 ei.

440 1133 558 1155 Manus.

770 1173 903 1212 Lectio
914 1174 952 1212 v.
977 1173 997 1212 &
1025 1174 1080 1213 vi.

439 1219 490 1286 B

490 1219 574 1267 Eati
597 1214 730 1258 Patris.
756 1220 803 1257 de
823 1215 1032 1258 Communi
1053 1214 1287 1269 Confeſſoris
1300 1218 1400 1267 Pon-

518 1262 645 1307 tificis.
661 1270 697 1312 2.
713 1264 819 1311 Ioco.

744 1323 784 1371 In
798 1325 860 1371 III.
881 1323 1094 1372 Nocturno.

487 1373 658 1420 Homilia
677 1377 716 1418 in
716 1372 906 1437 Evangel.
934 1375 1125 1429 Vigilate,
1150 1365 1236 1429 quia
1236 1365 1403 1428 neſcítis.

439 1427 487 1465 de
498 1428 633 1466 eodem
646 1425 855 1465 Communi
872 1438 909 1467 2.
920 1427 1021 1468 loco.

487 1487 606 1528 Miſſa.
618 1484 840 1523 Sacerdotes
852 1482 910 1522 tui
924 1480 1104 1522 Domine.
1118 1483 1219 1523 Cum
1232 1480 1408 1532 oratione

440 1534 463 1572 &
489 1532 647 1583 reliquis
666 1533 711 1571 de
724 1531 932 1572 Communi
956 1531 1189 1573 Confeſſoris
1207 1530 1402 1573 Pontificis

441 1593 479 1620 2.
489 1581 594 1621 loco.

683 1650 758 1686 Die
779 1648 902 1685 XXII.
922 1652 1163 1693 Septembris.

441 1708 484 1746 In
493 1706 596 1747 Feſto
608 1709 668 1748 SS.
681 1705 914 1747 MAURITII
925 1708 962 1746 &
975 1703 1176 1744 Sociorum
1185 1703 1402 1757 Martyrum.

499 1754 750 1806 Semiduplex.
771 1755 972 1807 Proprium
995 1754 1233 1795 Paſſavienſe.

492 1809 633 1847 Omnia
643 1810 688 1847 de
701 1806 909 1846 Communi
919 1802 1166 1858 plurimorum
1178 1805 1404 1858 Martyrum,

443 1870 575 1910 præter
586 1859 787 1913 ſequentia.

1280 1903 1409 1962 ORA-
