3173 4591
270 583 291 621 8

268 680 289 714 9

259 1045 299 1070 10

260 1194 298 1223 12

263 1295 300 1331 13

220 1496 306 1542 14

271 1790 307 1834 15

281 2159 321 2196 16

286 2415 328 2454 17

292 2622 332 2660 18

302 3165 347 3203 19

316 3653 360 3680 20

297 548 409 579 rerum
419 541 500 584 illis,
517 538 581 588 qui
581 536 678 585 novo
693 534 776 582 Regi
790 535 864 582 juga
876 534 1097 571 ſubmittunt,
1119 536 1169 560 re-

301 586 461 632 linquant.
515 593 621 629 Extra
630 587 726 628 orbis
743 584 929 625 Chriſtiani
943 585 1071 618 limites
1086 589 1170 616 vero

291 639 450 676 exempla
471 649 542 674 non
563 634 752 677 deficiunt,
787 632 899 677 qualia
914 638 1013 671 nobis
1033 635 1172 670 exhibet

298 682 363 720 Dn.
381 689 581 725 Puffenorff.
592 694 645 726 c.l.
699 694 744 729 Et
753 706 792 726 ut
802 694 942 721 unicum
949 689 1068 724 ſaltem
1081 697 1120 718 ex
1133 684 1171 720 il-

298 728 340 768 lis
350 732 532 781 adducam,
548 756 681 778 certum
692 744 752 778 eſt,
766 745 802 776 in
816 747 925 778 regno
948 741 1091 775 Concho
1116 747 1172 771 ne-

301 787 426 826 minem
441 789 579 831 proprii
590 787 674 831 quid
689 787 835 829 habere,
856 782 951 826 quod
963 793 1006 823 ad
1021 794 1174 826 hæredes

303 844 531 883 transmittere
542 849 663 882 queat,
688 837 746 873 ſed
763 844 880 877 omnia
890 835 994 879 Regis
1004 838 1085 875 eſſe,
1115 832 1175 874 qui

302 890 627 931 adminiſtrationem
639 900 673 930 &
682 896 780 928 uſum
789 897 856 931 pro
865 894 977 924 lubitu
988 894 1174 928 diſtribuit,

305 942 406 988 adeo,
421 956 460 983 ut
473 951 515 984 de
533 949 709 983 exiſtentia
718 950 818 985 regni
836 941 1089 977 patrimonialis
1107 950 1177 971 am-

306 990 395 1034 plius
405 995 630 1033 dubitandum
642 1009 712 1031 non
721 998 770 1030 ſit.

367 1045 407 1077 In
424 1050 533 1083 regno
548 1062 618 1082 non
635 1035 898 1079 patrimoniali,
923 1051 1003 1079 cum
1015 1044 1178 1077 Princeps

309 1104 376 1132 non
389 1096 507 1135 eadem
517 1092 670 1130 abſoluta
677 1092 847 1137 poteſtate
865 1092 1014 1129 gaudeat
1033 1106 1069 1125 ac
1078 1095 1113 1121 in
1122 1093 1179 1123 pa-

306 1142 514 1186 trimoniali,
541 1141 706 1189 quidnam
722 1151 764 1183 ad
781 1146 945 1179 allodium
962 1142 1085 1176 referri
1102 1141 1182 1174 pos-

311 1184 363 1233 ſit
381 1190 624 1235 indagandum.
682 1200 771 1232 Cum
794 1197 877 1231 vero
902 1187 957 1223 hic
976 1186 1108 1226 diverſa
1121 1197 1182 1219 oc-

311 1252 445 1287 currant
464 1249 577 1283 bona,
594 1241 674 1278 hinc
691 1238 820 1286 ſingula
843 1243 1082 1284 examinanda,
1099 1240 1184 1276 quo-

312 1290 413 1338 modo
424 1300 468 1333 ad
479 1302 651 1335 allodialia
666 1288 790 1332 referri
803 1295 928 1326 queant
940 1284 993 1323 vel
1008 1284 1089 1322 non.
1111 1290 1186 1319 Du-

313 1344 391 1388 plex
405 1357 490 1385 vero
507 1351 739 1386 communiter
753 1348 818 1381 eſſe
832 1347 918 1377 ſolet
934 1336 1188 1378 patrimonium

312 1397 465 1439 omnium
476 1398 612 1444 Regum
623 1406 661 1430 ac
675 1389 891 1440 Principum,
917 1390 1064 1421 alterum
1075 1380 1188 1429 priva-

315 1454 403 1489 tum,
418 1442 514 1493 quod
532 1443 687 1484 abſolute
701 1438 952 1490 patrimonium
972 1433 1039 1471 ſive
1058 1432 1189 1469 bonum

306 1494 564 1541 patrimoniale
575 1494 726 1533 dicitur;
752 1500 900 1533 alterum
913 1484 1094 1531 publicum
1110 1480 1135 1529 &
1149 1488 1192 1523 fi-

315 1544 416 1592 ſcale,
437 1545 532 1597 quod
548 1545 712 1593 Princeps
731 1559 770 1582 ex
785 1548 982 1584 territorio,
996 1547 1047 1577 cui
1062 1532 1192 1580 præeſt,

306 1593 435 1639 habet,
455 1615 514 1640 aut
530 1605 624 1642 quod
642 1601 816 1634 occaſione
831 1592 1005 1632 dignitatis
1021 1596 1087 1627 ſuæ
1096 1584 1194 1629 poſſi-

309 1647 386 1694 det,
397 1668 474 1694 cum
489 1669 506 1689 e
519 1656 694 1693 contrario
700 1639 881 1691 privatum
888 1654 940 1688 ſit,
957 1639 1054 1685 quod
1062 1637 1137 1682 Rex
1145 1656 1195 1678 ra-

311 1698 414 1738 tione
429 1701 586 1750 perſonæ
601 1716 715 1744 tenet,
732 1702 766 1735 &
784 1694 898 1740 quod,
916 1695 997 1737 licet
1008 1691 1199 1734 Imperium

310 1759 388 1791 non
399 1751 524 1792 teneat,
534 1758 650 1787 tamen
659 1754 839 1789 habiturus
845 1761 929 1787 erat.
944 1754 1053 1785 Lucas
1065 1749 1107 1783 de
1114 1752 1199 1782 Pen-

322 1806 358 1842 na
372 1811 403 1840 in
413 1806 434 1848 l.
445 1807 478 1848 7.
490 1806 525 1842 C.
533 1803 567 1844 de
575 1800 656 1839 omni
666 1818 739 1841 agro
747 1797 860 1840 deſerto
867 1796 918 1834 lib.
928 1796 985 1837 11.
995 1797 1131 1834 Privata
1136 1798 1198 1835 ita-

306 1859 390 1899 que
403 1856 476 1891 hæc
488 1854 577 1890 bona
594 1847 810 1888 allodialibus
824 1845 966 1881 omnino
973 1854 1196 1885 annumeran-

323 1905 365 1942 da
378 1905 460 1949 ſunt;
473 1916 530 1940 non
541 1898 635 1937 enim
643 1896 745 1935 video
755 1896 937 1935 rationem,
947 1900 1054 1938 quare
1065 1890 1100 1925 id
1111 1882 1204 1924 Prin-

324 1958 470 2010 cipi,qui
479 1953 662 2008 Majeſtate
682 1948 810 2000 gaudet,
811 1941 1044 1998 denegandum
1044 1942 1107 1986 ſit,
1111 1940 1205 1993 quod

316 2006 389 2056 ipſi
401 2013 566 2054 tanquam
575 2000 710 2040 ſubdito
720 1994 861 2040 licebat,
876 2005 953 2031 cum
964 1991 1045 2029 alias
1058 1989 1206 2029 deterio-

328 2061 377 2097 ris
386 2056 594 2099 conditionis
611 2054 745 2091 ratione
762 2050 892 2089 horum
909 2044 1083 2088 bonorum
1095 2038 1208 2088 foret,

306 2110 435 2151 quam
444 2110 558 2145 nullus
566 2106 747 2142 ſervorum
764 2097 878 2144 ipſius.

377 2158 447 2197 Sed
461 2158 529 2198 hoc
540 2156 683 2195 dubium
698 2151 855 2192 videtur,
883 2170 925 2193 an
938 2162 966 2190 ſi
980 2153 1057 2194 quis
1066 2153 1209 2191 vaſallus

324 2202 366 2241 in
377 2216 486 2255 regno
496 2210 647 2248 eleƈtitio
659 2214 677 2245 a
689 2212 831 2248 reliquis
845 2213 880 2243 in
891 2202 1025 2241 Regem
1042 2203 1213 2237 cligatur,

326 2264 370 2303 &
390 2259 487 2307 bona
505 2254 653 2305 quædam
668 2250 853 2303 poſſideat,
881 2251 924 2288 de
939 2250 1064 2300 quibus
1078 2251 1212 2290 inveſti-

335 2320 449 2353 ruram
464 2321 586 2356 petere
604 2308 773 2348 neceſſum
792 2302 916 2347 habet,
943 2313 984 2338 an
999 2300 1076 2338 talis
1093 2301 1128 2334 in
1147 2298 1214 2334 Re-

337 2375 419 2412 gem
440 2363 584 2414 eleƈtus
599 2362 684 2399 bona
712 2359 772 2396 ſua
797 2356 949 2404 feudalia
975 2355 1011 2389 in
1041 2352 1216 2388 allodialia

340 2409 560 2461 transmutare
581 2401 717 2456 poſſit?
738 2408 782 2443 Et
806 2402 900 2442 caſus
917 2398 975 2437 hic
989 2392 1215 2436 ſecernendos

334 2465 404 2506 eſſe
409 2475 508 2518 puto,
521 2473 579 2499 aut
589 2459 683 2498 enim
691 2457 784 2496 bona
792 2456 851 2493 illa
859 2456 907 2492 ita
915 2455 990 2490 ſunt
1000 2454 1217 2500 comparata,

333 2527 378 2560 ut
392 2517 594 2560 inveſtitura
602 2514 634 2559 a
634 2513 734 2562 Rege
753 2511 787 2550 &
798 2510 919 2559 Regno
936 2503 1034 2544 ſimul
1052 2499 1219 2555 petenda,

342 2584 400 2611 aut
410 2572 515 2611 Regis
524 2568 642 2608 liberæ
653 2564 863 2607 diſpoſitioni
873 2560 1032 2600 reliƈtum
1040 2559 1087 2596 eſt
1094 2558 1138 2594 de
1147 2556 1222 2599 feu-

342 2622 394 2662 dis
412 2614 624 2666 proſpicere.
677 2614 739 2652 Illo
749 2610 826 2650 caſu
838 2607 931 2660 bona
931 2604 1042 2659 ipſius
1052 2600 1222 2648 feudalia,

343 2682 408 2723 per
416 2671 465 2718 id,
474 2672 568 2724 quod
579 2673 614 2709 in
623 2669 757 2717 Regem
766 2665 918 2712 eligitur,
928 2664 966 2699 in
979 2662 1143 2699 allodium
1155 2666 1224 2694 non

344 2724 423 2763 ſunt
432 2727 661 2764 commutata,
679 2716 760 2754 licet
775 2714 812 2751 id
831 2712 981 2760 expreſſe
990 2710 1161 2751 voluerit;
1185 2714 1227 2739 ex

347 2784 386 2811 ea
394 2774 437 2811 ſc.
446 2773 594 2815 ratione,
609 2769 689 2813 quia
706 2766 900 2802 dominium
911 2762 1083 2799 direƈtum
1098 2761 1131 2793 &
1143 2759 1228 2792 utile

342 2832 417 2860 non
426 2822 528 2866 plene
540 2817 811 2858 conſolidatum,
825 2822 904 2849 cum
911 2812 1004 2848 aliud
1014 2819 1083 2846 non
1094 2813 1229 2844 tantum

348 2863 389 2906 in
389 2870 498 2905 Rege,
511 2867 565 2905 ſed
573 2868 694 2913 Regno
705 2860 803 2899 ſimul
812 2859 867 2904 ſit;
892 2860 926 2895 in
937 2859 1043 2905 hujus
1052 2863 1134 2891 vero
1146 2861 1231 2900 præ-

353 2920 520 2972 judicium
536 2914 711 2968 diſpoſitio
722 2912 827 2963 Regis
836 2924 904 2950 non
915 2909 1023 2951 valet,
1041 2907 1074 2944 &
1083 2900 1247 2953 proinde

347 2972 379 3009 ſi
388 2973 472 3025 quid
480 2970 549 3011 tale
559 2963 690 3009 faƈtum
698 2965 748 3010 ſit,
765 2967 834 3003 non
848 2961 991 3010 ſtringet
1000 2953 1232 3001 ſucceſſorem,

354 3016 436 3058 licet
443 3018 572 3060 filium,
588 3021 667 3049 cum
677 3013 733 3047 hic
752 3021 821 3045 non
829 3010 891 3045 ſuo
908 3010 1008 3055 jure,
1022 3008 1080 3039 ſed
1091 3009 1131 3036 ex
1144 3008 1235 3036 nova

355 3072 523 3115 eleƈtione
538 3066 724 3109 ſuccedat,
748 3064 783 3100 &
802 3060 950 3113 proinde
966 3069 1031 3110 pro
1049 3052 1265 3105 ſucceſſore

356 3116 516 3164 ſingulari
537 3120 747 3161 reputetur,
774 3110 833 3157 qui
855 3109 896 3146 ad
915 3108 1005 3146 faƈta
1015 3106 1236 3143 anteceſſoris

356 3167 543 3214 præſtanda
560 3172 632 3197 non
651 3163 852 3206 obligatur;
890 3175 993 3198 nemo
1010 3166 1102 3196 enim
1123 3149 1251 3193 legem

358 3219 537 3265 ſucceſſori
552 3215 747 3263 dignitatis,
764 3214 819 3251 vel
835 3209 940 3251 officii
953 3206 1010 3247 vel
1025 3205 1164 3254 imperii
1176 3204 1239 3239 im-

359 3281 494 3321 ponere
505 3270 642 3318 poteſt,
670 3276 749 3304 cum
770 3274 832 3312 par
847 3265 884 3299 in
899 3270 1017 3310 parem
1029 3269 1098 3298 non
1117 3258 1240 3295 habeat

360 3323 564 3370 Imperium,
574 3325 642 3363 Dn.
653 3318 837 3360 Brunnem.
846 3316 965 3364 Conſ.n.
970 3323 1057 3363 317.
1066 3309 1238 3362 imprimis

362 3376 499 3420 quando
510 3387 549 3412 ex
558 3372 618 3411 tali
626 3367 720 3410 faƈto
731 3366 834 3406 ſtatus
843 3363 942 3412 regni
950 3356 1168 3407 diminuitur;
1168 3355 1239 3401 Fel.

359 3422 401 3465 in
404 3431 477 3477 Cap.
491 3438 522 3465 1.
537 3430 580 3465 X.
591 3427 627 3461 de
639 3421 766 3459 Probat.
782 3430 813 3461 n.
830 3432 857 3453 1.
876 3410 1102 3466 Tiraquellus
1115 3411 1148 3446 de
1162 3410 1242 3456 Jure

363 3471 532 3521 Primogen.
548 3479 594 3517 qu.
611 3474 663 3512 35.
680 3473 710 3497 n.
724 3473 780 3498 20.
802 3472 868 3512 per
886 3463 989 3497 talem
1016 3462 1108 3494 enim
1135 3463 1244 3490 trans-

363 3528 593 3564 mutationem
613 3530 682 3556 non
691 3516 802 3554 ſolum
815 3522 962 3559 regnum
970 3510 1116 3550 ſervitiis
1125 3504 1245 3544 feuda-

366 3569 475 3613 libus,
486 3580 561 3619 quæ
568 3573 641 3605 Rex
649 3566 777 3601 intuitu
789 3572 917 3607 horum
928 3574 1102 3605 bonorum
1110 3565 1246 3604 præſta-

366 3635 405 3661 re
420 3634 578 3668 tenetur,
596 3622 654 3663 ſed
664 3621 700 3659 &
712 3622 772 3670 ſpe
787 3620 1000 3657 ſucceſſionis
1016 3618 1163 3650 extinƈta
1176 3618 1247 3644 ma-

372 3673 462 3707 ſcula
466 3678 569 3708 prole
577 3676 745 3709 privatur.
768 3674 799 3709 Si
809 3678 892 3699 vero
900 3672 918 3701 a
928 3671 1033 3704 ſolius
1047 3672 1152 3701 Regis
1157 3668 1252 3700 nutu

366 3722 406 3762 &
416 3736 486 3762 non
493 3723 593 3760 ſimul
606 3732 624 3756 a
632 3728 740 3761 regno
749 3719 958 3760 dependeat,
973 3717 1007 3748 &
1023 3716 1098 3748 hinc
1115 3715 1196 3758 Regi
1210 3714 1250 3740 li-

369 3771 494 3812 berum
512 3777 688 3815 competat
703 3776 745 3807 de
761 3768 874 3803 feudis
895 3764 1097 3804 diſponendi
1115 3768 1250 3797 arbitri-

369 3832 442 3862 um,
453 3833 534 3860 tunc
542 3825 683 3859 omnino
694 3816 855 3859 exiſtimo,
863 3814 943 3855 talia
952 3813 1056 3849 feuda
1067 3811 1193 3848 allodia
1202 3810 1253 3842 ef-

371 3869 427 3907 fici
437 3870 548 3910 poſſe;
557 3872 629 3906 imo
644 3867 709 3909 dici
719 3863 848 3908 poſſet,
846 3863 928 3907 ipſo
938 3863 1014 3905 jure
1025 3874 1066 3902 ex
1074 3864 1134 3899 tali
1144 3864 1252 3901 feudo

373 3915 453 3958 fieri
464 3926 646 3966 allodium,
663 3918 728 3958 dum
739 3926 830 3956 enim
838 3910 1028 3951 dominium
1038 3916 1209 3948 direƈtum
1223 3914 1258 3945 &

382 3969 466 4008 utile
484 3968 669 4011 inperſona
689 3975 769 4009 novi
785 3962 889 4009 Regis
905 3960 973 3995 hoc
981 3957 1058 3994 caſu
1069 3955 1258 3999 conſolida-

1222 538 1306 572 tum,
1319 538 1423 564 nexus
1433 520 1579 562 feudalis
1588 520 1688 567 plane
1703 515 1916 562 diſſolvitur,
1934 511 1967 549 &
1987 522 2040 547 res
2058 522 2094 544 in

1221 581 1404 628 priſtinum
1418 577 1537 610 ſtatum
1551 570 1667 612 redit,
1696 566 1755 616 qui
1767 564 1908 602 omnino
1926 559 2092 598 allodialis

1224 638 1283 665 eſt.
1295 629 1461 673 Quamvis
1473 627 1581 668 Reges
1602 619 1680 656 novi
1696 617 1900 662 plerumque
1912 609 2003 648 illam
2017 621 2097 645 con-

1225 672 1466 717 ſolidationem
1481 677 1609 709 evitare
1619 668 1757 710 ſoleant,
1770 660 1994 709 relinquendo
2009 657 2098 693 bona

1225 731 1260 767 in
1284 730 1370 767 ſtatu
1389 725 1501 776 priori
1525 723 1558 759 &
1577 714 1850 770 recognoſcendo
1873 711 2013 752 feudum
2038 721 2100 755 per

1225 784 1501 829 procuratorem.
1511 773 1615 823 Quod
1625 772 1646 807 ſi
1657 783 1738 807 vero
1755 768 1818 805 hoc
1829 778 1893 803 non
1904 760 2033 801 fecerit,
2044 772 2097 797 res

1228 840 1281 868 uti
1294 836 1423 867 diƈtum
1431 825 1598 864 allodialis
1608 824 1682 862 erit,
1701 818 1776 865 quod
1789 829 1829 854 eo
1839 814 1944 864 magis
1955 809 2100 852 eveniet,

1228 883 1252 921 ſi
1274 877 1412 937 expreſſe
1425 878 1555 917 allodiis
1568 874 1635 913 ſuis
1646 873 1713 912 tale
1722 869 1866 910 feudum
1875 859 2098 918 adſcripſerit;

1230 940 1284 972 cui
1293 935 1457 973 ſucceſſor
1465 933 1496 967 ſe
1506 929 1723 966 conformare
1734 921 1899 961 neceſſum
1915 917 2021 959 habet,
2018 925 2104 952 cum

1230 984 1316 1021 illud
1330 978 1458 1017 faƈtum
1470 975 1627 1022 præſtare
1638 980 1806 1013 reneatur,
1818 967 1910 1013 quod
1922 959 2104 1003 anteceſſor

1235 1050 1273 1073 ex
1291 1048 1389 1072 more
1407 1032 1513 1072 officii
1533 1031 1606 1072 ſui,
1635 1030 1668 1065 &
1693 1024 1877 1063 ſecundum
1904 1015 2107 1071 poteſtatem

1235 1088 1337 1129 quam
1351 1085 1473 1117 habuit
1493 1082 1533 1114 &
1544 1084 1700 1111 naturam
1718 1073 1893 1109 dignitatis
1906 1070 1984 1113 egit.
2002 1067 2078 1101 Rol.
2089 1073 2110 1096 a

1235 1136 1336 1175 Valle
1351 1136 1413 1175 Vol.
1427 1145 1457 1168 2.
1474 1128 1622 1172 Conſ.66.
1635 1139 1665 1162 n.
1680 1136 1733 1167 39.
1746 1118 1880 1159 Brunus
1893 1116 1975 1162 Conſ.
1987 1117 2063 1160 ſeud.
2083 1127 2111 1149 1.

1236 1200 1265 1224 n.
1272 1192 1327 1225 26.
1338 1182 1518 1228 Schrader.
1531 1178 1575 1225 Tr.
1584 1175 1656 1224 ſeud.
1660 1176 1703 1222 P.
1703 1181 1770 1215 1.C.
1779 1190 1790 1210 1.
1799 1174 1850 1220 &
1850 1172 1940 1220 Conſ.
1943 1182 2025 1217 23.n.
2036 1178 2113 1212 107.

1236 1237 1319 1274 verſ.
1327 1234 1468 1273 ſimiliter
1484 1233 1519 1272 &
1538 1243 1576 1266 ex
1593 1226 1798 1266 contraƈtibus.
1814 1235 1876 1258 nec
1889 1221 1961 1262 illi,
1984 1218 2039 1263 qui
2064 1227 2117 1251 re-

1239 1293 1344 1330 gnum
1356 1280 1612 1335 repræſentant,
1624 1274 1772 1326 deſuper
1783 1268 1949 1319 conqueri
1960 1267 2115 1321 poſſunt,

1241 1347 1318 1373 cum
1328 1336 1387 1370 ſibi
1395 1333 1513 1376 potius
1520 1331 1705 1373 imputent,
1717 1322 1801 1369 quod
1814 1322 1903 1358 hiſce
1914 1315 2116 1357 conditioni-

1242 1387 1307 1431 bus
1307 1385 1458 1429 regnum
1470 1381 1505 1417 in
1515 1377 1627 1426 ipſum
1640 1371 1892 1425 transtulerint.
1891 1365 1989 1419 Quod
2007 1367 2029 1404 ſi
2038 1376 2121 1402 vero

1242 1437 1356 1477 agnati
1375 1435 1499 1470 adſint,
1516 1433 1577 1474 qui
1591 1431 1647 1459 vel
1659 1430 1695 1458 in
1710 1428 1814 1468 hujus
1831 1425 2035 1459 eleƈtionem
2054 1422 2124 1446 non

1245 1485 1474 1527 conſentiunt,
1487 1480 1543 1517 vel
1555 1486 1648 1513 extra
1654 1475 1721 1510 hoc
1731 1480 1878 1518 regnum
1888 1463 2031 1515 degunt,
2045 1459 2126 1500 tunc

1245 1533 1376 1573 horum
1386 1525 1541 1579 reſpeƈtu
1551 1523 1639 1564 talia
1656 1524 1745 1561 bona
1760 1531 1827 1557 non
1840 1520 1988 1569 amplius
2005 1527 2069 1563 pro
2080 1511 2122 1548 al-

1247 1584 1431 1628 lodialibus
1444 1592 1545 1621 erunt
1554 1573 1772 1628 reputanda,
1782 1585 1891 1623 quam
1903 1570 2048 1608 durante
2060 1569 2129 1603 vita

1249 1641 1355 1687 illius,
1369 1635 1428 1696 qui
1428 1638 1490 1680 illa
1502 1633 1674 1676 allodialia
1681 1627 1774 1675 fecit,
1782 1622 1922 1684 ipſiusq;
1931 1616 2125 1672 hæredum;

1250 1694 1329 1740 poſt
1346 1693 1475 1725 horum
1497 1685 1588 1722 enim
1608 1681 1768 1723 obitum,
1800 1676 1935 1715 noviter
1952 1672 2024 1710 hæc
2040 1669 2130 1707 bona

1253 1749 1427 1781 feudalem
1442 1742 1643 1787 qualitatem
1652 1737 1820 1772 induunt,
1842 1735 1870 1765 &
1881 1734 1923 1764 ſic
1932 1729 2061 1772 agnatis
2072 1727 2131 1758 de-

1254 1797 1409 1840 neganda
1429 1801 1499 1826 non
1519 1792 1615 1824 ſunt,
1633 1797 1674 1821 ne
1686 1787 1766 1821 alias
1777 1785 1830 1826 jus
1842 1788 1904 1826 per
1916 1778 2065 1824 primum
2078 1783 2130 1808 ac-

1256 1847 1452 1891 quirentem
1471 1839 1647 1886 quæſitum
1669 1834 1735 1871 illis
1766 1829 1945 1871 auferatur
1963 1837 2026 1873 arg.
2043 1824 2064 1859 l.
2079 1833 2131 1865 nec

1257 1906 1341 1931 avus
1350 1905 1382 1936 4.
1396 1896 1431 1926 C.
1440 1892 1475 1926 de
1484 1888 1624 1934 emancip.
1636 1886 1718 1923 liber.

1304 1947 1355 1982 Ex
1373 1939 1511 1994 publico
1533 1936 1700 1986 Principis
1721 1927 1956 1983 patrimonio,
1982 1924 2073 1977 quod
2094 1918 2136 1958 ad

1258 1989 1454 2040 Principem
1464 1999 1530 2036 qua
1539 1982 1641 2021 talem
1653 1983 1815 2032 pertinet,
1827 1985 1993 2027 quantum
2005 1975 2045 2011 ad
2056 1972 2137 2009 allo-

1262 2048 1358 2087 dium
1369 2042 1493 2082 referri
1504 2038 1611 2093 poſſit,
1622 2037 1817 2076 videndum.
1866 2032 1951 2071 Hæc
1962 2029 2068 2077 igitur
2079 2024 2122 2061 bo

1262 2108 1298 2135 na
1315 2096 1457 2149 duplicia
1475 2094 1591 2129 iterum
1609 2089 1704 2131 ſunt,
1730 2084 1786 2123 vel
1797 2076 2019 2127 domanialia,
2038 2077 2093 2117 vel
2105 2070 2142 2122 fi-

1262 2148 1369 2189 ſcalia.
1425 2139 1642 2188 Domanialia
1658 2139 1715 2178 ſeu
1731 2133 1944 2175 Domanium
1960 2128 2062 2177 Regis
2082 2125 2143 2166 ſeu

1258 2201 1309 2240 de
1326 2208 1453 2238 corona
1464 2191 1524 2233 ſeu
1533 2191 1578 2232 de
1591 2188 1706 2230 menſa
1722 2188 1848 2234 Regis,
1870 2181 1975 2229 vulgo
1991 2182 2145 2218 Cammer-

1268 2254 1369 2286 Güter
1379 2250 1447 2285 oder
1463 2239 1564 2283 Taffel,
1571 2247 1690 2281 Güter,
1710 2239 1787 2276 ſunt
1798 2237 1898 2277 bona,
1909 2243 1982 2276 quæ
1992 2230 2069 2275 jure
2078 2231 2146 2267 Im-

1267 2299 1382 2351 perii,
1431 2292 1602 2346 ſuperiori
1624 2289 1775 2331 conceſſa
1799 2290 1833 2327 &
1859 2287 1962 2334 regiæ
1986 2278 2147 2330 dignitati

1263 2345 1466 2383 conſecrata
1480 2343 1499 2388 &
1517 2340 1611 2377 unita
1625 2336 1711 2378 ſunt,
1724 2329 1942 2383 Choppin.de
1957 2335 2074 2369 Doman.
2096 2325 2146 2364 lib.

1276 2401 1306 2433 1.
1318 2399 1369 2432 tit.
1381 2405 1412 2430 2.
1426 2403 1456 2429 n.
1472 2405 1502 2428 1.
1525 2392 1596 2427 hæc
1616 2390 1754 2437 itaque,
1769 2394 1845 2420 cum
1864 2393 1932 2418 non
1949 2376 2092 2428 proprie
2103 2373 2144 2408 ad

1272 2446 1469 2499 Principem
1490 2437 1664 2493 ſpeƈtent,
1689 2435 1747 2475 ſed
1766 2433 1882 2485 potius
1901 2425 2151 2481 patrimonium

1275 2503 1401 2548 populi
1407 2501 1480 2544 ſint,
1497 2498 1595 2542 cujus
1604 2495 1737 2535 fruƈtus
1746 2490 1901 2531 deſtinati
1911 2489 1952 2527 ad
1959 2484 2153 2525 ſuſtinenda

1277 2549 1486 2601 Reipublicæ
1496 2558 1553 2587 aut
1563 2543 1665 2594 regiæ
1673 2537 1850 2591 dignitatis
1859 2549 1973 2583 onera,
1974 2530 2010 2583 a
2003 2530 2153 2583 Regibus

1280 2606 1442 2649 alienari,
1466 2613 1529 2640 nec
1551 2603 1586 2636 in
1611 2604 1724 2636 totum
1740 2601 1802 2632 nec
1818 2603 1883 2642 pro
1900 2597 1998 2640 parte
2010 2588 2156 2638 poſſunt,

1280 2661 1379 2701 Hug.
1394 2659 1498 2697 Grot.
1512 2660 1543 2695 de
1558 2659 1583 2695 J.
1593 2660 1632 2694 B.
1645 2657 1673 2693 &
1688 2655 1724 2693 P.
1735 2651 1783 2691 lib.
1797 2654 1904 2687 2.c.6.
1921 2646 1949 2686 §.
1960 2653 2018 2674 11.
2032 2643 2110 2682 hinc
2123 2641 2157 2680 &

1281 2706 1476 2755 Principem
1487 2700 1597 2749 majus
1605 2698 1660 2747 jus
1671 2694 1863 2735 fruƈtuario
1872 2703 1940 2730 non
1951 2687 2096 2728 habere,
2111 2688 2155 2723 di-

1284 2763 1332 2799 cit
1340 2759 1489 2802 Grotius
1497 2758 1550 2793 c.l.
1558 2754 1646 2793 Tob.
1658 2745 1886 2791 Paurmeiſter
1896 2749 1930 2782 de
1935 2744 2098 2785 Jurisdict.
2099 2738 2123 2784 c.
2127 2741 2150 2784 4.

1285 2804 1318 2842 in
1320 2804 1375 2852 fin.
1396 2803 1479 2854 Quæ
1489 2806 1603 2836 tamen
1616 2794 1706 2834 ratio
1716 2792 1872 2843 quamvis
1885 2800 1955 2827 non
1967 2786 2052 2825 adeo
2064 2785 2159 2822 ſtrin-

1286 2863 1371 2902 gens
1385 2854 1562 2895 videatur,
1589 2859 1668 2886 cum
1687 2845 1855 2893 Principis
1872 2840 2020 2889 poteſtas
2038 2836 2162 2885 procul

1287 2908 1393 2945 dubio
1403 2905 1516 2948 major
1523 2902 1563 2937 ſit
1572 2898 1741 2945 poteſtate
1749 2886 2010 2937 uſufructuarii,
2030 2887 2088 2933 qui
2105 2885 2163 2926 ſal-

1288 2964 1360 2993 tem
1371 2962 1410 2989 re
1421 2953 1532 2989 utitur
1548 2951 1598 2986 uti
1614 2945 1687 2991 eſt;
1717 2940 1898 2981 dicendum
1919 2934 2164 2978 nihilominus,

1289 3003 1531 3044 alienationem
1540 3000 1592 3038 illi
1599 2994 1797 3041 ſimpliciter
1804 2988 2020 3031 interdiƈtam
2030 2986 2112 3030 eſſe,
2130 2987 2166 3024 &

1290 3057 1316 3094 ſi
1330 3049 1448 3092 forſan
1463 3049 1577 3097 aliqua
1600 3042 1813 3094 comparatio
1838 3032 2042 3077 inſtituenda
2061 3033 2166 3079 eſſet,

1292 3102 1460 3147 dicerem,
1485 3095 1677 3145 Principem
1688 3092 1773 3133 nihil
1781 3089 1888 3138 magis
1899 3090 1931 3128 in
1941 3084 2040 3128 bonis
2051 3083 2168 3125 doma-

1293 3154 1442 3191 nialibus
1452 3149 1568 3197 poſſe,
1587 3153 1690 3195 quam
1701 3141 1841 3181 forſitan
1852 3138 1930 3181 ille,
1947 3134 2007 3185 qui
2023 3130 2170 3184 alicujus

1294 3211 1346 3247 rei
1357 3206 1441 3246 utile
1456 3203 1649 3242 dominium
1665 3199 1828 3247 poſſidet;
1857 3196 1936 3232 inde
1952 3193 2107 3241 quotidie
2124 3192 2169 3224 vi-

1296 3255 1436 3299 demus,
1452 3249 1534 3289 talia
1547 3250 1635 3288 bona
1649 3249 1686 3285 ab
1690 3244 1959 3285 anteceſſoribus
1968 3241 2128 3279 alienata,
2151 3247 2170 3269 a

1296 3302 1539 3347 ſucceſſoribus
1556 3298 1649 3339 omni
1667 3298 1744 3343 jure
1759 3292 1935 3339 revocari,
1950 3290 2060 3334 adeo,
2084 3295 2119 3323 ut
2133 3298 2173 3321 ne

1298 3360 1438 3402 quidem
1450 3351 1697 3402 præſcriptioni
1710 3348 1920 3398 ſubjaceant,
1933 3341 2066 3393 publica
2081 3339 2175 3375 enim

1297 3408 1388 3448 ſalus
1403 3405 1553 3452 cujusvis
1566 3398 1724 3448 Reipubl.
1743 3396 1870 3444 exigit,
1887 3408 1930 3431 ne
1940 3388 1981 3431 de
1991 3392 2043 3430 his
2060 3390 2176 3432 bonis,

1300 3470 1376 3507 quæ
1385 3461 1431 3505 ad
1431 3458 1540 3503 ipſam
1551 3453 1732 3500 Rempubl.
1742 3448 1911 3494 ſpeƈtant,
1933 3449 2093 3488 Princeps
2106 3452 2177 3479 tan-

1300 3515 1406 3556 quam
1419 3513 1461 3544 de
1468 3508 1621 3554 propriis
1633 3505 1815 3550 diſponere
1829 3497 1957 3536 valeat,
1975 3499 2016 3526 ne
2026 3491 2177 3538 poſtmo-

1302 3560 1397 3601 dum,
1416 3555 1439 3592 ſi
1451 3553 1615 3595 alienata,
1628 3560 1660 3597 &
1670 3550 1740 3587 hæc
1756 3543 1918 3595 alienatio
1920 3539 2004 3594 jure
2006 3534 2178 3587 ſubſiſtar,

1301 3620 1376 3650 tota
1386 3609 1584 3647 univerſitas
1591 3605 1779 3643 neceſſitate
1790 3594 1961 3642 adigatur,
1972 3600 2012 3623 ex
2025 3583 2179 3636 cujusvis

1304 3665 1387 3698 civis
1401 3661 1499 3696 bonis
1506 3656 1641 3703 tantum
1646 3648 1840 3694 auferendi,
1859 3652 2025 3695 quantum
2034 3644 2074 3680 ad
2085 3644 2181 3680 Prin-

1304 3713 1419 3755 cipem
1431 3710 1589 3742 alendum
1605 3705 1812 3747 requiritur;
1829 3701 1993 3742 quorſum
2006 3698 2093 3728 illud
2106 3697 2182 3739 ſpe-

1306 3759 1386 3803 ctat,
1397 3756 1490 3807 quod
1506 3754 1582 3805 Joh.
1605 3752 1791 3792 Teſmarus
1800 3751 1831 3784 in
1843 3753 1904 3784 not.
1914 3746 1955 3782 ad
1965 3743 2050 3782 Grot.
2050 3745 2081 3778 l.
2077 3740 2180 3790 2.c.6.

1306 3809 1335 3855 §.
1350 3820 1403 3844 11.
1411 3817 1451 3844 ex
1460 3804 1595 3844 Gallico
1606 3800 1754 3850 quodam
1765 3796 1941 3844 Scriptore
1949 3791 2067 3836 refert,
2084 3788 2183 3837 cujus

1307 3865 1411 3894 verba
1421 3863 1475 3891 hic
1485 3859 1613 3900 apponi
1624 3854 1818 3889 merentur,
1835 3852 1902 3881 C'èt
1913 3852 1970 3880 une
1987 3848 2118 3876 maxime
2128 3846 2184 3882 que

1308 3908 1337 3945 le
1344 3910 1411 3944 bien
1420 3908 1455 3941 de
1465 3908 1497 3939 la
1507 3905 1662 3939 Couronne
1670 3896 1881 3948 n'appartient
1891 3902 1948 3941 pas
1962 3904 2002 3927 au
2019 3890 2089 3936 Roy.
2132 3888 2179 3923 Ex

1310 3961 1436 4005 quibus
1445 3968 1523 3994 cum
1540 3961 1718 4000 appareat,
1736 3950 1930 3996 Principem
1939 3947 1980 3984 de
1995 3945 2117 3984 talibus
2126 3942 2187 3978 bo-

2108 613 2151 638 21

2113 765 2157 790 22

2133 1369 2175 1410 23

2143 1932 2201 2006 24

2149 2023 2199 2092 25

2160 2395 2204 2434 26

2174 2809 2221 2839 27

2179 3198 2234 3253 28

2191 3888 2238 3954 29
