2562 3087
426 687 457 725 5.
484 672 763 728 Apparitionem
775 668 923 714 Auctor
943 671 977 722 §.
993 673 1038 712 V.
1057 670 1170 710 refert
1188 664 1233 708 ad
1251 660 1466 719 glorioſum
1478 661 1595 705 Chri-

309 738 358 783 ſti
381 747 548 790 corpus,
571 733 650 785 jam
679 742 766 775 ante
787 729 935 787 lapſum
961 742 1012 771 ex
1035 728 1190 771 Adamo
1217 723 1432 769 aſſumtum.
1494 717 1596 779 Quæ

308 795 531 855 hypotheſis
548 796 696 842 Dodec.
708 800 737 840 I.
758 794 909 841 Diſſert.
917 797 979 838 IX.
995 789 1178 837 deſtructa
1198 788 1262 834 eſt.

420 857 457 890 6.
481 849 753 889 Revelationem
773 852 866 884 vero
886 840 1159 893 protevangelii
1183 839 1219 891 §.
1232 841 1294 881 VI.
1309 835 1486 879 obſcurat
1506 836 1592 877 Au-

311 911 420 964 tor,
449 910 579 953 immo
601 909 750 951 ratione
771 904 896 950 ſenſus
931 902 982 945 ab
1007 898 1196 957 evangelii
1221 910 1354 942 centro
1374 895 1594 943 alieniſſimi

313 971 499 1029 depravat.
552 967 597 1012 Id
609 967 719 1027 quod
730 979 782 1010 ex
808 964 1005 1021 ipſiusmet
1016 963 1139 1006 verbis
1156 960 1427 1017 percipiemus.

707 1094 923 1160 Locus
923 1073 1012 1154 II.
1036 1094 1091 1163 §.
1105 1093 1211 1147 VI.

452 1169 600 1224 Quarto
619 1169 715 1212 Deus
725 1166 918 1216 declarat,
946 1162 1047 1217 quod
1052 1161 1276 1216 principium
1294 1159 1368 1201 odii
1383 1169 1511 1201 contra
1531 1158 1596 1198 Sa-

313 1242 445 1270 tanam
458 1226 700 1281 divinamque
710 1221 861 1282 (Geneſ.
873 1225 945 1267 III.
956 1220 1059 1277 v.5.)
1071 1218 1304 1261 inimicitiam
1332 1226 1462 1257 contra
1478 1214 1600 1257 omnia

312 1290 451 1328 diaboli
460 1286 689 1326 adminicula
711 1293 827 1333 atque
847 1289 976 1331 opera,
992 1280 1031 1318 in
1046 1277 1154 1317 corde
1171 1274 1328 1316 hominis
1336 1272 1390 1324 ſit
1405 1272 1596 1324 poſiturus.

315 1351 403 1389 Hæc
419 1360 542 1385 autem
556 1343 753 1383 inimicitia
771 1338 842 1391 ipſe
859 1338 1001 1377 divinus
1021 1347 1127 1376 amor
1154 1332 1202 1384 eſt
1234 1342 1423 1383 moiusque
1450 1328 1597 1369 Iuminis

317 1409 480 1454 interni,
496 1403 667 1455 adverſus
686 1402 876 1448 tenebras,
888 1403 1061 1448 peccata,
1077 1392 1278 1447 ſemenque
1294 1389 1506 1442 univerſum
1521 1402 1600 1429 cor-

316 1468 517 1511 ruptionis,
537 1475 652 1511 quam
667 1462 826 1495 Satanas
843 1459 882 1494 in
906 1451 1063 1494 cordibus
1087 1450 1251 1491 omnium
1271 1443 1462 1487 huminum
1481 1443 1599 1498 ſemi-

317 1529 449 1569 navit,
476 1525 632 1572 oppoſiti.
689 1520 862 1569 Quinto,
877 1512 993 1555 eidem
1014 1511 1158 1554 revelat
1178 1512 1294 1561 Deus,
1317 1508 1485 1549 divinam
1506 1506 1599 1548 hanc

318 1587 575 1626 inimicitiam,
596 1593 678 1628 quæ
692 1587 740 1623 eſt
760 1576 833 1626 ipſe
850 1577 973 1620 Deus,
983 1570 1053 1622 ſeu
1073 1568 1240 1611 divinum
1263 1566 1420 1608 Verbum
1436 1565 1476 1604 in
1494 1562 1599 1605 corde

319 1648 472 1678 hominis
487 1645 641 1687 naſcens
655 1651 698 1673 ut
716 1638 882 1673 divinam
899 1633 954 1671 ibi
979 1633 1105 1670 lumen
1128 1634 1364 1677 amoremque
1390 1623 1604 1672 ingeneret,

319 1708 483 1753 (etenim
498 1705 582 1747 quis
603 1699 697 1732 alius
712 1708 753 1730 eo
771 1694 931 1742 tempore
950 1687 1089 1730 diaboli
1107 1686 1211 1736 hoſtis
1222 1683 1275 1728 &
1287 1684 1381 1735 fons
1403 1680 1603 1722 inimicitiæ

320 1780 450 1819 contra
466 1763 583 1803 ipſum
591 1757 848 1802 fuerit,quam
864 1747 945 1803 ipſe
971 1742 1097 1798 Deus?)
1116 1741 1260 1783 revelat
1281 1740 1434 1792 inquam
1449 1735 1605 1786 homini,

322 1828 490 1878 divinam
518 1833 600 1865 eam
624 1810 860 1865 inimicitiam
877 1813 925 1846 ex
955 1800 1028 1854 ipſo
1054 1799 1095 1837 in
1118 1797 1230 1838 corda
1258 1794 1419 1836 omnium
1441 1790 1606 1846 poſtero-

318 1899 409 1933 rum
424 1888 667 1921 tranſituram
683 1871 769 1913 eſſe;
794 1870 850 1899 ita
862 1860 912 1899 ut
930 1870 1076 1905 omnes,
1091 1867 1138 1894 ex
1154 1865 1228 1906 quo
1254 1850 1471 1905 naſcentur,
1489 1850 1601 1902 prin-

320 1945 458 1978 cipium
473 1942 588 1971 vitæ,
599 1926 817 1965 luminis
791 1926 811 1973 &
830 1920 965 1959 amoris
984 1915 1102 1956 divini
1122 1923 1237 1966 atque
1260 1911 1461 1954 inimicitiæ
1476 1920 1604 1950 contra

325 1999 513 2045 diabolum
528 1996 568 2038 in
597 1999 719 2018 centro
746 1981 862 2016 cordis
882 1976 961 2025 ſint
983 1970 1159 2014 habituri.
1217 1968 1302 2010 Ideo
1330 1977 1454 2008 autem
1476 1964 1609 2006 divina

323 2066 397 2114 hæc
412 2051 605 2108 inimicitia
618 2043 776 2096 omnibus
791 2044 972 2086 quotquot
986 2043 1034 2072 ex
1055 2027 1212 2072 muliere
1229 2025 1449 2079 naſcentur,
1453 2022 1528 2076 ſeu
1547 2034 1605 2063 to-

324 2125 358 2171 ti
368 2117 507 2176 ſemini
541 2107 727 2146 mulieris,
753 2095 1016 2147 promittitur;
1046 2088 1226 2143 quoniam
1246 2085 1358 2141 cauſa
1381 2084 1610 2137 materialis,

326 2197 371 2235 ut
388 2184 445 2237 ita
458 2166 793 2234 loquar,hominum
810 2155 971 2193 omnium
989 2154 1027 2191 in
1051 2147 1205 2189 muliere
1237 2157 1340 2193 erat;
1369 2146 1465 2186 Deus
1487 2155 1612 2184 autem

328 2242 459 2288 ibidem
477 2236 629 2282 Verbum
652 2230 848 2271 æternum,
873 2209 1007 2251 diaboli
1040 2205 1250 2255 inimicum,
1271 2211 1454 2257 tanquam
1478 2199 1612 2242 adiun-

329 2305 427 2351 ctum
448 2295 611 2345 materiæ
624 2283 777 2333 hominis
795 2269 1035 2325 inſeparabile
1054 2267 1266 2310 introducit.

696 2346 968 2420 Disquiſitio
995 2343 1128 2409 hujus
1154 2345 1256 2397 loci.

470 2437 510 2473 I.
520 2428 689 2481 Quando
710 2416 859 2457 Auctor
870 2409 1081 2466 promiſſam
1101 2406 1301 2452 inimicitiæ
1321 2402 1494 2460 adverſus
1507 2401 1615 2459 ſata-
