1392 1830
511 566 674 606 Aliquando

511 610 607 640 omiſſa
618 613 683 641 licet

509 659 683 685 denunciati-

508 697 563 715 one
572 692 631 719 quis
641 697 680 716 te-

506 738 592 758 netur
602 731 634 758 ad
644 740 673 758 e-

506 776 665 806 viƈtionem.

505 809 594 837 Caſus
605 813 665 846 qui-

505 852 555 880 bus
565 853 668 881 eviƈtio

501 898 562 917 non
570 891 677 928 præſta-

502 937 562 961 tur.

496 1263 610 1305 Cedens
616 1278 666 1298 no-

495 1313 559 1343 men
571 1306 654 1333 regu-

496 1356 594 1379 lariter
608 1348 666 1374 non

492 1400 607 1421 tenetur
619 1389 651 1416 de

489 1435 660 1465 exigibilita-

490 1483 526 1505 te.

707 255 776 284 verò
799 253 913 275 tenetur
935 249 965 275 in
986 249 1048 277 foro
1066 249 1219 288 poſſeſſoris
1236 252 1277 281 ſeu

705 290 749 315 rei
766 290 898 317 conventi
916 288 1042 319 aſſiſtere.
1060 290 1076 317 l
1089 298 1136 327 49.
1148 289 1181 317 de
1192 290 1277 327 judic.

706 329 845 366 Carpzov.
860 328 886 355 de
892 328 1002 367 proceſſ.
1009 336 1053 365 1.4
1072 339 1097 357 a.
1109 338 1132 366 3.
1141 332 1216 364 num.
1220 327 1243 371 1.
1247 327 1280 371 &

696 369 780 409 ſeqq.
821 372 883 401 Sive
894 375 984 412 igitur
990 380 1076 403 autor
1091 377 1276 412 comparuerit

705 409 760 438 ſive
770 416 846 444 non,
864 418 958 438 coram
969 412 1016 440 ſuo
1026 410 1119 448 judice
1135 413 1232 442 deinde
1248 423 1276 442 re

705 450 793 478 eviƈta
817 452 1026 482 conveniendus
1049 452 1095 482 eſt.
1136 454 1231 482 Ferez.
1244 456 1273 482 in

706 492 737 524 C.
747 491 759 534 h.
777 500 834 522 t.n.
846 501 894 531 35.
910 495 998 525 Sande
1013 495 1097 534 deciſ.
1107 495 1182 533 Friſ.
1194 496 1275 526 l.I.t.

709 538 805 572 I.d.5.

745 573 823 602 XVI.
844 572 954 604 Omiſſa
975 573 1034 603 litis
1052 574 1274 608 denunciatione,

705 623 763 642 non
774 613 857 642 datur
873 615 1012 654 regreſſus
1027 624 1127 645 contra
1137 624 1272 652 autorem,

706 652 755 679 niſi
772 653 880 680 autoris
891 652 969 684 cauſa
990 654 1103 684 notorıè
1122 654 1154 684 ſit
1170 654 1273 690 injuſta,

704 693 746 718 vel
759 693 878 730 probare
887 694 947 729 quis
964 690 1054 731 poſſit,
1074 701 1202 724 autorem
1212 693 1272 723 nul-

703 733 763 760 lum
789 734 836 768 jus
850 732 986 766 habuiſſe.
1014 734 1155 775 Carpzov.
1184 735 1212 764 d.
1225 736 1272 766 loc.

703 783 759 803 art.
773 782 803 811 4.

738 815 831 843 XVII.
868 812 1007 844 Prætereà
1023 813 1109 845 ceſſat
1123 815 1272 846 eviƈtionis

700 853 837 892 præſtatio
855 856 900 891 (1)
919 852 944 894 ſi
943 855 1114 886 conventum
1123 857 1217 891 fuerit,
1235 867 1270 886 ne

700 895 760 930 quis
768 894 807 930 ad
807 894 974 933 eviƈtionem
992 903 1138 926 teneatur,
1158 898 1178 925 l.
1190 895 1269 929 11.§.

690 935 734 974 fin
753 936 785 962 de
793 940 845 965 aƈt.
855 943 922 967 emt.
950 937 1092 977 Burgund.
1102 945 1140 967 tr.
1152 942 1184 968 de
1192 942 1267 970 eviƈt.

697 981 721 999 e.
733 979 782 1008 39.
805 974 820 1004 &
834 974 909 1013 ſeqq
942 982 996 1011 qua
1014 982 1109 1005 tamen
1125 978 1265 1007 renuncia-

695 1016 774 1040 tione
786 1016 893 1042 videtur
908 1018 1017 1043 tantum
1032 1014 1143 1045 remiſſa
1158 1018 1225 1046 aƈtio
1233 1016 1266 1045 ad

695 1053 834 1088 intereſſe,
843 1066 901 1084 non
911 1056 1049 1086 reſtitutio
1060 1061 1143 1096 pretii
1156 1060 1182 1088 d.
1192 1058 1210 1086 l.
1221 1066 1262 1087 II.

694 1101 716 1128 §.
719 1097 775 1133 fin.
787 1098 920 1133 Carpzov.
942 1105 949 1131 5
971 1097 1041 1136 Reſp.
1053 1106 1129 1135 45.
1118 1097 1146 1137 n.
1157 1095 1184 1141 2.
1195 1101 1225 1138 (I)
1243 1101 1259 1130 ſi

694 1140 754 1169 quis
773 1141 831 1161 rem
845 1133 964 1162 alienam
983 1143 1032 1163 aut
1047 1135 1200 1174 obligatam
1218 1136 1261 1166 ſci-

694 1181 745 1201 ens
755 1176 854 1201 emerit
870 1173 889 1208 l.
891 1182 943 1216 27.
951 1174 964 1216 C.
977 1176 1010 1204 de
1018 1179 1094 1207 eviƈt.
1113 1179 1138 1206 H.
1142 1176 1236 1209 Piſtor.
1243 1176 1264 1205 l.

695 1228 756 1258 2.q.
770 1228 813 1249 10.
825 1233 853 1250 n.
865 1229 912 1252 22.

731 1254 820 1284 XIIX.
857 1255 1001 1285 Cæterum
1020 1255 1179 1297 ſpecialiter
1193 1259 1261 1287 circa

692 1297 811 1325 nomina
827 1298 937 1326 vendita
958 1300 1007 1329 ſeu
1023 1299 1093 1330 ceſſa
1116 1299 1257 1333 ſciendum,

690 1335 763 1370 quòd
773 1336 871 1364 cedens
883 1336 1008 1376 præſtare
1017 1338 1124 1374 debeat,
1134 1346 1167 1369 ut
1174 1339 1206 1369 ſit
1213 1348 1258 1368 no-

694 1381 767 1407 men,
782 1383 829 1404 non
845 1382 876 1404 ut
887 1379 970 1405 etiam
983 1379 1054 1417 exigi
1065 1379 1153 1417 poſſit.
1167 1382 1178 1409 l.
1186 1385 1230 1414 74.
1238 1382 1257 1410 $.

685 1416 735 1449 fin.
745 1416 779 1444 de
786 1421 863 1448 eviƈt.
871 1418 889 1448 I.
900 1420 964 1457 4.de
972 1419 1067 1451 hæred.
1077 1421 1121 1451 vel
1126 1418 1180 1460 aƈt.
1192 1415 1260 1457 vend.
