1992 2850
1170 482 1225 511 223

218 551 384 585 Facultatis
400 553 537 583 medicae
561 551 721 592 Lipſienſis
747 550 785 583 ſic
805 552 834 582 ſe
862 552 953 583 habet
977 562 1008 590 p.
1034 555 1110 592 638:
1161 556 1225 583 Aus

218 600 308 633 einem
324 607 407 632 unter
419 604 473 631 den
489 607 533 632 22.
544 600 643 634 Mart.
657 609 683 629 a.
706 609 732 629 c.
748 605 786 630 an
801 602 858 630 uns
873 607 910 632 ꝛc.
955 602 1058 631 Wann
1077 607 1152 631 dann
1176 604 1227 628 da⸗

219 648 284 682 hero
311 645 377 679 uͤber
401 645 528 684 folgende
542 644 673 683 Fragen:
709 641 758 679 I)
790 644 839 677 Ob
858 645 942 682 durch
967 647 1056 683 dieſes
1078 647 1227 676 concedirte

220 690 459 728 wohlvermahrte
475 686 732 730 Erb ⸗ Begraͤbniß
746 691 793 721 der
813 688 910 721 Stadt
929 691 1022 720 etwas
1041 691 1227 728 gefaͤhrliches

220 732 403 773 zuwachſen,
444 734 502 764 und
526 733 702 773 contagieuſe
721 733 910 771 Krankheiten
931 733 1072 771 entſtehen
1096 737 1228 766 koͤnnen?

220 778 255 818 2)
278 780 327 815 Ob
346 775 515 816 dergleichen
547 772 777 817 Erb ⸗ Begraͤniß
800 776 829 808 in
852 777 904 807 den
915 775 1036 814 Kirchen
1063 780 1139 813 nicht
1158 782 1228 811 auch

206 830 260 859 an
274 821 365 853 vielen
387 821 510 853 Oertern
530 819 561 851 in
574 819 685 858 Leipzig
700 819 758 851 und
777 820 885 850 andern
903 819 1084 855 vorhanden,
1106 827 1165 852 und
1187 828 1227 851 im

220 865 371 904 Gebrauch
395 862 472 902 ſind,
494 867 552 896 und
566 866 679 897 daraus
689 863 796 903 jemals
814 865 879 895 was
899 863 1099 903 nachtheiliges
1113 868 1228 903 verſpuͤ⸗

219 914 261 941 ret
280 904 418 941 worden?
463 905 498 947 3)
519 906 569 940 Ob
597 909 700 944 dahero
733 909 788 940 das
814 903 1098 946 Erb ⸗ Begraͤbniß
1117 911 1227 944 allhier,

219 951 257 980 da
270 950 303 980 es
318 947 384 986 doch
398 955 413 975 a
427 944 602 986 Magiſtratu
615 951 648 977 et
660 946 793 977 Patrono
807 943 957 977 Eccleſiae
973 952 1140 980 concedirt,
1151 956 1228 983 nicht

220 995 290 1032 auch
304 1001 338 1033 zu
350 993 480 1027 toleriren
493 995 551 1025 und
559 992 715 1033 zuzulaſſen
731 992 799 1033 ſey?
817 992 904 1033 Unſer
917 994 947 1024 in
966 997 1030 1023 arte
1049 996 1167 1023 medica
1184 1004 1228 1031 ge⸗

219 1035 376 1077 gruͤndetes
407 1035 570 1074 Gutachten
602 1045 674 1066 cum
694 1034 866 1067 rationibus
895 1035 1055 1066 decidendi
1079 1039 1228 1075 verlanget

220 1084 311 1121 wird;
341 1081 394 1115 So
412 1081 512 1121 geben
526 1081 579 1113 wir
600 1081 670 1120 nach
691 1080 915 1122 Collegialiſcher
936 1081 1129 1120 Ueberleguug
1151 1084 1228 1112 derer

221 1121 408 1164 angefuͤhrten
421 1118 592 1161 Umſtaͤnde,
621 1124 679 1155 und
694 1129 769 1162 zwar
789 1122 813 1157 ſo
831 1123 886 1155 viel
905 1123 950 1154 die
974 1123 1039 1159 erſte
1060 1124 1152 1161 Fraqe
1174 1130 1227 1152 an⸗

220 1173 363 1211 belanget,
376 1173 406 1203 in
421 1172 575 1205 Antwort:
610 1170 804 1206 Alldieweilen
824 1173 879 1204 das
898 1168 1069 1210 Begraͤbniß
1091 1164 1145 1204 mit
1158 1171 1228 1210 ſtar-

219 1216 268 1249 ken
291 1214 421 1250 Mauern
438 1217 495 1248 und
511 1212 687 1252 Gewoͤlben,
720 1212 792 1249 ohne
805 1212 928 1253 einziges
945 1211 1119 1253 Luft ⸗ Loch
1135 1214 1164 1244 in
1178 1216 1226 1245 der

190 1262 319 1302 Kirche
340 1260 418 1302 ſelbſt
433 1261 552 1302 gebauet
574 1261 656 1302 wird,
680 1264 726 1295 der
735 1259 870 1301 Eingang
882 1258 936 1291 mit
949 1260 1133 1301 gedoppelten
1143 1259 1227 1299 Thuͤ⸗

219 1309 283 1339 ren,
304 1301 363 1334 und
384 1291 453 1340 noch
473 1298 592 1335 daruͤber
614 1300 669 1333 mit
689 1299 795 1341 großen
831 1299 1087 1337 Schaal ⸗ Steinen
1109 1301 1157 1339 ſoll
1177 1307 1225 1338 zu-

220 1350 339 1392 geleget
357 1353 406 1387 und
432 1350 589 1392 verwahret
608 1355 737 1389 werden,
779 1347 912 1392 uͤberdieß
942 1351 985 1384 die
1014 1349 1127 1390 Leichen
1149 1350 1225 1389 nicht

219 1398 309 1439 offen,
330 1397 449 1438 ſondern
464 1397 494 1431 in
511 1395 634 1440 Saͤrgen
646 1397 722 1438 wohl
737 1397 912 1435 verwahret,
933 1398 963 1431 in
979 1398 1021 1432 die
1034 1397 1137 1437 Gruft
1153 1399 1225 1439 pfle⸗

221 1451 276 1483 gen
306 1441 455 1484 beygeſetzt
474 1450 509 1483 zu
527 1445 660 1481 werden,
689 1442 794 1480 mithin
813 1441 888 1480 nicht
908 1441 1078 1483 abzuſehen,
1107 1441 1162 1475 wie
1182 1443 1227 1474 die

221 1485 289 1524 Luft
302 1486 334 1517 in
352 1486 400 1517 der
423 1475 525 1522 Kirche
536 1485 595 1518 und
616 1483 687 1525 ſonſt
707 1489 764 1516 von
780 1485 832 1516 den
846 1476 1086 1515 exhalationibus
1101 1482 1227 1514 cadaue-

220 1538 306 1569 rum,
329 1528 356 1567 ſo
369 1529 505 1566 ohnedem
523 1536 579 1561 nur
603 1526 837 1572 putrefactionis
849 1530 988 1568 tempore
1008 1527 1039 1560 in
1060 1524 1225 1559 conſidera-

220 1574 288 1604 tion
311 1579 345 1611 zu
367 1572 482 1611 ziehen,
516 1571 604 1606 koͤnne
632 1572 754 1613 inficiret
766 1572 895 1616 werden,
921 1578 956 1610 zu
976 1570 1162 1613 geſchweigen
1182 1569 1227 1603 die

220 1614 319 1649 Kirche
331 1617 401 1656 hoch
420 1619 479 1649 und
491 1618 546 1649 mit
561 1626 582 1658 4
595 1616 714 1656 Thuͤren
729 1617 868 1659 verſehen,
884 1610 1003 1658 folglich
1021 1619 1058 1649 da
1071 1616 1140 1657 auch
1156 1614 1227 1647 eini⸗

222 1668 256 1700 ge
267 1656 392 1691 effluuia
420 1659 514 1695 ſollten
533 1660 564 1692 in
580 1660 624 1691 die
644 1658 732 1700 Hoͤhe
750 1660 879 1699 ſteigen,
912 1663 1032 1698 welches
1051 1662 1102 1696 bey
1123 1666 1227 1697 gegen⸗

220 1699 362 1743 waͤrtigen
388 1698 562 1734 Umſtaͤnden
592 1702 666 1738 nicht
695 1709 730 1741 zu
756 1703 904 1740 beſorgen,
937 1708 965 1742 ſo
985 1707 1101 1736 wuͤrden
1127 1706 1227 1742 ſelbige

221 1747 288 1786 doch
317 1755 368 1788 gar
402 1746 482 1784 leicht
512 1746 650 1787 diſſipiret
676 1749 734 1783 und
760 1747 804 1781 die
824 1749 900 1786 Lufft
924 1753 1047 1785 dadurch
1073 1752 1227 1786 gereiniget

222 1794 346 1824 werden.
381 1789 459 1823 Und
473 1792 509 1819 da
522 1790 606 1826 auch,
633 1787 776 1829 gleichwie
802 1793 860 1821 aus
881 1796 944 1822 dem
958 1800 996 1821 an
1013 1801 1073 1822 uns
1091 1801 1228 1828 ergange⸗

223 1842 280 1866 nen
303 1831 461 1870 Schreiben
487 1838 521 1870 zu
547 1823 670 1871 erſehen,
701 1839 751 1864 um
773 1832 828 1865 alle
854 1833 957 1864 andere
982 1840 1103 1871 Kirchen
1130 1844 1160 1864 in
1182 1845 1229 1862 der

195 1872 323 1917 Stadt
333 1878 515 1914 Gottesacker
529 1877 610 1917 ſind,
637 1876 669 1918 ja
688 1878 719 1911 in
733 1878 808 1912 allen
828 1877 953 1917 Kirchen
972 1883 1050 1916 ſchon
1068 1884 1161 1917 einige
1182 1884 1229 1910 be⸗

223 1922 330 1963 graben
344 1921 456 1961 liegen,
488 1923 547 1955 und
563 1923 656 1954 davon
670 1920 796 1955 niemals
817 1924 909 1954 etwas
930 1926 1140 1960 contagieuſes
1166 1933 1228 1953 ver⸗

223 1966 318 2011 ſpuͤret
333 1969 464 2004 worden,
487 1966 527 1999 im
549 1966 722 2009 Gegentheil
740 1966 792 2007 bey
812 1966 898 2007 dieſer
910 1968 1009 2009 Kirche
1029 1969 1088 2000 kein
1104 1968 1228 2001 Gottes⸗

223 2013 298 2046 acker
319 2011 499 2049 vorhanden,
533 2012 596 2044 und
624 2012 727 2050 dahero
753 2011 797 2045 die
811 2010 877 2051 Luft
902 2021 952 2044 um
989 2011 1104 2049 ſothane
1127 2012 1228 2050 Kirche

223 2062 297 2096 ganz
315 2054 392 2093 rein,
422 2054 527 2091 mithin
552 2064 603 2089 um
622 2055 694 2094 deſto
720 2053 843 2094 weniger
861 2061 895 2093 zu
909 2052 1054 2094 befahren,
1083 2057 1139 2094 daß
1158 2057 1228 2094 ſelbe

224 2110 280 2134 von
304 2103 349 2135 ein
370 2106 433 2136 oder
454 2104 561 2134 andern
581 2098 770 2143 Begraͤbniſſe
785 2101 848 2142 ſolle
867 2101 989 2143 inficiret
1010 2102 1139 2139 werden;
1175 2103 1226 2135 So

224 2144 322 2181 halten
338 2144 393 2178 wir
409 2140 511 2184 dafuͤr,
530 2143 589 2183 daß
604 2144 687 2186 durch
708 2142 797 2184 dieſes
818 2143 973 2175 concedirte
993 2145 1228 2181 wohlverwahrte

225 2186 485 2232 Erb ⸗ Begraͤbniß
501 2190 546 2221 der
560 2180 659 2223 Stadt
672 2187 765 2223 nichts
778 2183 963 2229 gefaͤhrliches
977 2190 1149 2228 zuwachſen,
1171 2196 1229 2231 und

226 2237 348 2274 dadurch
377 2234 452 2269 keine
482 2234 673 2275 contagieuſe
705 2234 895 2273 Krankheiten
919 2226 1070 2274 entſtehen
1109 2236 1229 2268 koͤnnen.

225 2279 355 2314 Daferne
368 2278 444 2317 aber,
458 2278 483 2315 ſo
497 2276 573 2312 Gott
588 2278 617 2311 in
631 2277 757 2314 Gnaden
771 2276 923 2309 abwenden
936 2280 1029 2315 wolle,
1052 2284 1109 2309 aus
1124 2285 1231 2309 andern

226 2325 366 2369 Urſachen
381 2327 440 2359 eine
454 2324 618 2366 Contagion
640 2324 779 2367 entſtehen
791 2322 879 2365 ſollte,
899 2332 934 2365 zu
951 2326 1065 2365 welcher
1078 2327 1140 2366 Zeit
1155 2329 1230 2358 nicht

1164 2386 1230 2422 bloß
