2123 2406
320 374 410 409 Eum
428 376 566 414 unctum
584 391 675 425 fuiſſe
692 390 874 427 dicendum
891 392 960 429 eſt,
991 403 1072 426 cum
1088 394 1234 437 Spiritus
1251 398 1290 446 S.
1314 404 1372 440 ſub
1390 402 1499 446 ſpecie
1519 412 1587 444 Co-

319 432 444 471 lumbæ
464 437 560 485 ſuper
570 439 722 478 Unctum
739 447 973 486 CHRISTUM
991 449 1215 489 deſcenderet.
1241 453 1437 495 Rectiſſimè
1450 461 1592 506 proinde

321 484 453 525 tempus
479 481 543 518 hoc
577 484 745 522 unctionis
764 488 801 523 &
818 494 887 533 ejus
907 491 1006 527 ſemel
1026 494 1169 539 peractæ
1188 498 1463 538 manifeſtationis
1478 504 1590 541 deter-

318 524 447 562 minant
456 526 608 565 Veteres.
663 535 758 568 Unxit
774 539 888 571 DEUS
904 540 1007 574 Pater
1017 539 1175 587 Chriſtum
1192 543 1256 576 oleô
1268 547 1504 588 Exultationis,
1517 562 1589 584 cum

317 579 552 615 humanitatem
577 588 749 619 divinitate
768 581 884 620 unxit,
902 589 935 613 ut
952 581 1046 616 ambo
1062 595 1159 618 unum
1164 589 1308 634 faceret,
1332 589 1440 636 inquit
1466 596 1587 631 GRE-

320 626 443 662 GOR.
470 629 740 669 NAZIANZ.
768 634 865 671 Orat.
880 633 925 670 V.
942 636 976 671 in
992 636 1050 673 fin.
1090 639 1229 684 Chriſtus
1248 642 1289 675 ab
1306 656 1339 676 eo
1358 653 1513 691 tempore,
1522 657 1583 691 quo

316 670 463 716 Salvator
488 677 636 715 dignatus
661 679 701 715 eſt
726 679 874 718 aſſumere
906 688 1078 712 creaturam
1102 683 1234 725 noſtram
1250 683 1391 728 impletus
1411 689 1531 733 Spiritu
1549 697 1581 728 S.

316 719 375 762 eſt,
394 721 466 758 ſunt
486 725 585 762 verba
604 730 1002 773 CHRYSOSTOMI
1024 735 1130 773 Hom.
1152 735 1189 772 de
1202 734 1323 785 Spirit.
1331 737 1371 779 S.
1389 744 1496 783 Tom.
1517 749 1581 786 III.

312 767 421 813 Oper.
445 782 477 816 p.
489 773 582 814 893.
582 776 629 816 A.
683 776 769 813 Non
789 778 849 813 alia
866 779 966 815 etiam
991 794 1083 817 mens
1101 783 1164 820 fuit
1187 790 1230 826 D.
1246 791 1578 833 AUGUSTINO

311 815 373 847 hac
390 820 432 849 de
448 831 483 851 re
502 824 579 854 Lib.
598 821 690 864 XV.
710 824 753 858 de
763 824 888 860 Trinit.
907 835 978 871 cap.
993 829 1052 859 26.
1071 830 1112 874 p.
1110 839 1157 861 m.
1176 840 1262 874 474.
1283 832 1325 868 C.
1344 834 1434 870 hunc
1451 848 1485 872 in
1503 850 1578 874 mo-

310 865 389 897 dum
410 870 589 903 ſcribenti:
617 874 691 902 Non
706 880 783 904 tunc
799 874 933 918 Chriſtus
945 877 1156 913 UNCTUS
1170 881 1292 924 Spiritu
1308 885 1342 916 S.
1361 884 1422 926 eſt,
1448 889 1575 931 quando

300 914 394 947 ſuper
413 923 481 961 eum
508 922 698 960 baptizatum
721 931 807 958 velut
826 920 965 952 columba
982 920 1134 966 deſcendit
1154 924 1219 960 &c.
1236 924 1299 969 ſed
1311 924 1369 973 istâ
1386 931 1515 976 myſticâ
1536 937 1575 968 &

310 970 424 1002 viſibili
443 970 585 1009 unctione
600 978 676 1004 tunc
692 969 906 1010 intelligendus
923 969 962 1009 eſt
976 969 1107 1007 unctus,
1120 971 1243 1016 quando
1257 975 1394 1012 Verbum
1410 982 1488 1014 DEI
1498 993 1572 1016 caro

299 1012 425 1048 factum
443 1018 501 1054 eſt,
531 1019 595 1047 hoc
619 1016 666 1045 eſt
694 1018 728 1049 in
745 1024 841 1050 utero
859 1026 1023 1054 materno.
1072 1021 1180 1057 Addit
1205 1023 1367 1061 rationem
1392 1027 1571 1078 Auguſtin.

308 1062 562 1101 Abſurdiſſimum
578 1066 617 1101 eſt
638 1067 711 1092 enim,
725 1065 954 1105 ut credamus
972 1076 1060 1101 eum,
1072 1078 1141 1102 cum
1152 1068 1227 1113 jam
1239 1073 1371 1117 triginta
1389 1075 1456 1119 eſſet
1472 1090 1569 1114 anno-

305 1118 377 1131 rum
396 1114 481 1143 (ejus
499 1115 583 1136 enim
600 1120 685 1138 ætate
709 1111 730 1138 a
742 1110 890 1156 Johanne
908 1111 1102 1158 baptizatus)
1119 1115 1261 1161 accepiſſe
1276 1119 1428 1167 Spiritum
1444 1126 1496 1162 S.,
1508 1126 1573 1169 ſed

305 1162 418 1194 veniſſe
436 1162 523 1186 illum
548 1160 593 1186 ad
606 1158 778 1204 baptiſma,
795 1160 873 1201 ſicut
890 1160 957 1204 ſine
975 1161 1032 1196 ullo
1048 1161 1173 1199 omninò
1188 1174 1314 1212 peccato,
1364 1169 1410 1203 ita
1428 1183 1491 1207 non
1496 1175 1566 1218 ſine

302 1206 428 1247 Spiritu
440 1211 471 1238 S.
522 1207 627 1251 Quod
643 1218 746 1255 porro
762 1214 907 1258 explicat
922 1217 1082 1264 exemplô
1102 1219 1316 1268 Præcurſoris
1318 1217 1419 1273 JEſu
1435 1229 1565 1267 Chriſti

301 1255 340 1291 &
347 1255 458 1297 famuli
474 1256 653 1296 Johannis,
665 1256 723 1298 qui
737 1260 885 1301 quamvis
894 1260 1063 1301 ſeminatus
1082 1261 1101 1297 à
1117 1267 1231 1308 Patre,
1248 1275 1354 1301 tamen
1364 1270 1524 1315 Spiritum
1534 1273 1567 1321 S.

298 1313 332 1339 in
348 1319 432 1340 utero
443 1306 606 1345 formatus
623 1304 760 1350 accepit,
778 1304 960 1346 ſecundùm
977 1309 1057 1349 illud
1077 1311 1210 1354 Luc.I,
1227 1326 1283 1362 15.
1311 1317 1437 1366 Spiritu
1457 1322 1491 1359 S.
1511 1334 1563 1359 re-

299 1350 444 1399 plebitur
459 1352 524 1396 jam
536 1352 612 1391 inde
623 1353 663 1390 ab
674 1367 771 1395 utero
780 1360 893 1397 matris
903 1360 988 1399 ſuæ:
1001 1364 1136 1403 tandem
1154 1366 1299 1414 applicat
1315 1371 1354 1408 ad
1365 1372 1560 1413 Chriſtum:

298 1403 395 1446 Quid
412 1403 448 1436 de
466 1403 584 1439 homine
604 1406 721 1453 Chriſto
744 1407 975 1458 intelligendum
994 1413 1034 1458 eſt
1057 1417 1112 1451 vel
1129 1416 1334 1459 credendum,
1353 1421 1437 1469 cujus
1454 1428 1559 1459 carnis

296 1452 446 1497 conceptio
466 1463 527 1486 non
541 1455 685 1495 carnalis,
687 1455 749 1503 ſed
756 1456 926 1506 ſpiritualis
939 1465 1016 1508 fuit.
1028 1461 1220 1511 Sequuntur
1232 1465 1455 1517 Auguſtinum
1470 1478 1561 1511 RE-

296 1502 490 1540 MIGIUS
518 1506 552 1540 in
576 1502 819 1556 Explanatione
840 1509 904 1559 Ep.
925 1513 967 1548 ad
990 1515 1070 1551 Ebr.
1097 1518 1138 1553 ad
1158 1516 1247 1563 Cap.
1269 1520 1302 1558 I,
1321 1532 1358 1564 9.
1389 1527 1498 1559 Unctus
1515 1528 1558 1570 eſt

296 1544 449 1584 Chriſtus
462 1552 659 1592 plenitudine
675 1557 808 1602 Spiritus
825 1559 856 1592 S.
879 1559 940 1602 qui
954 1559 1007 1592 die
1025 1558 1214 1608 baptiſmatis
1236 1567 1271 1597 in
1290 1566 1389 1608 ſpecie
1403 1569 1559 1605 Columbæ

285 1594 380 1629 ſuper
399 1604 467 1620 eum
482 1600 663 1637 requievit,
681 1614 738 1640 nec
757 1612 795 1630 ex
811 1612 943 1643 tempore
961 1603 1151 1647 baptiſmatis
1157 1605 1350 1651 ſolummodò
1366 1612 1504 1656 Spiritus
1519 1618 1555 1646 S.

294 1644 328 1669 in
344 1652 378 1671 eo
394 1645 523 1682 manſit,
532 1647 592 1685 ſed
606 1652 702 1690 potius
729 1660 769 1680 ex
786 1659 918 1694 tempore
931 1655 1140 1701 conceptionis.
1191 1658 1238 1694 Et
1291 1660 1395 1696 BEDA
1417 1661 1551 1707 (quem

293 1689 409 1728 Gloſſa
424 1691 583 1730 Ordinar.
609 1699 690 1732 citat
707 1700 747 1733 ad
764 1698 840 1738 Act.
840 1698 906 1739 X,
909 1704 1006 1743 38.)
1032 1708 1106 1739 Non
1120 1718 1196 1741 tunc
1220 1710 1362 1744 inunctus
1376 1715 1500 1757 Spiritu
1515 1720 1547 1749 S.

292 1739 448 1779 Chriſtus,
470 1746 598 1780 quando
615 1750 761 1775 columba
779 1743 934 1787 deſcendit
941 1749 1036 1790 ſuper
1053 1757 1154 1781 eum:
1181 1754 1263 1785 Tunc
1284 1756 1368 1787 enim
1385 1755 1550 1802 Eccleſiam

286 1791 509 1832 præfiguravit;
536 1792 601 1818 Sed
620 1795 744 1833 myſticâ
763 1796 802 1827 &
815 1795 965 1839 inviſibili
995 1797 1134 1831 unctione
1151 1801 1324 1842 perunctus
1341 1802 1404 1844 eſt,
1419 1807 1550 1850 quando

289 1837 424 1883 Verbum
439 1847 509 1885 caro
518 1854 647 1887 factum
665 1845 723 1877 eſt,
740 1848 762 1880 i.
775 1860 801 1884 e.
818 1843 957 1874 humana
973 1850 1081 1875 natura
1099 1844 1197 1879 Verbo
1213 1849 1307 1883 DEI
1320 1850 1353 1883 in
1369 1861 1456 1887 utero
1466 1856 1545 1889 Vir-

280 1886 361 1917 ginis
378 1890 550 1930 copulata,
557 1891 653 1927 facta
667 1894 701 1918 in
718 1903 753 1919 eo
770 1892 811 1926 eſt
826 1898 892 1921 una
899 1890 1042 1937 perſona.
1083 1892 1226 1930 Accedit
1247 1897 1299 1932 his
1315 1897 1545 1938 teſtimonium

289 1934 521 1978 RUPERTI
539 1941 582 1973 de
592 1940 748 1976 Glorific.
757 1943 918 1979 Trinitat.
926 1945 962 1980 &
983 1940 1183 1988 Procesſione
1199 1950 1311 1995 Spirit.
1320 1952 1355 1984 S.
1369 1964 1442 1997 cap.
1453 1963 1486 1996 3.
1496 1956 1543 1991 ſic

287 1976 476 2019 loquentis:
499 1988 670 2026 Corporalis
688 1989 791 2028 ſpesies
810 1985 954 2019 Columba
971 1995 1039 2021 tota
1055 1990 1091 2022 in
1110 1990 1266 2036 Chriſtum
1281 1994 1460 2039 deſcendit,
1476 2007 1543 2031 non

285 2029 369 2058 quod
383 2034 452 2053 tum
468 2033 603 2067 Spiritus
615 2036 652 2059 S.
675 2031 709 2061 in
731 2043 762 2062 eo
786 2032 839 2074 eſſe
866 2032 920 2066 vel
939 2042 1067 2067 manere
1092 2039 1239 2086 cœperit:
1258 2036 1321 2085 ſed
1339 2040 1425 2086 quod
1446 2044 1480 2076 in
1502 2055 1543 2077 eo
