1817 2506
166 387 209 422 lia
225 393 412 432 propone:
438 385 509 421 ſive
531 385 594 420 illa
616 383 672 419 vis
693 395 757 429 per
774 381 939 417 ordinem
963 390 1101 426 expan-

168 436 264 477 dere,
284 434 356 468 ſive
369 436 425 477 (ut
444 434 490 469 eſt
509 434 657 478 melius)
675 432 712 465 in
726 442 835 465 unum
853 441 1021 466 acervum
1040 429 1101 463 da-

165 497 210 522 re.
221 482 341 518 Video
353 473 578 519 elaboratam
589 480 791 527 ſcrupuloſa
806 479 1031 513 diſtinctione
1047 486 1101 511 te-

165 527 352 576 ſtudinem,
374 540 410 567 at
433 532 716 569 foediſſimorum
747 531 1100 576 pigerrimorumque

167 584 368 622 animalium
386 584 510 627 teſtas,
529 582 736 630 ingentibus
755 582 880 629 pretiis
901 588 1037 623 emtas,
1066 580 1101 612 in

166 637 286 686 quibus
307 636 383 684 ipſa
404 638 466 673 illa
483 648 577 683 quae
600 636 721 682 placet
742 634 922 679 varietas,
952 633 1101 669 ſubditis

167 684 454 730 medicamentis,
471 685 506 719 in
526 683 793 719 ſimilitudinem
814 684 891 716 veri
911 682 1104 715 coloratur.

167 741 282 779 Video
305 738 378 774 iſtic
399 735 558 779 menſas,
582 745 617 772 et
639 735 863 772 aeſtimatum
886 734 1027 781 lignum
1052 732 1105 768 ſe-

166 789 293 826 natoris
314 787 443 832 cenſu,
468 798 515 821 eo
533 783 741 834 pretioſius,
765 797 839 832 quo
860 785 948 820 illud
967 786 1003 819 in
1024 784 1105 831 plu-

167 854 215 876 res
234 839 373 883 nodos,
393 839 531 876 arboris
554 839 744 874 infelicitas
768 839 877 877 torſit.
887 838 1012 874 Video
1033 837 1104 871 iſtic

167 889 368 939 cryſtallina,
382 897 536 934 quorum
558 888 721 924 accendit
738 886 912 934 fragilitas
933 885 1104 931 pretium.

168 939 325 975 omnium
357 940 456 974 enim
481 949 600 973 rerum
627 937 802 983 voluptas
833 936 929 982 apud
958 936 1106 980 imperi-

169 999 240 1034 tos,
270 989 348 1038 ipſo
379 1003 452 1037 quo
474 989 600 1038 fugare
629 989 738 1025 debet
758 988 942 1036 periculo,
971 986 1107 1024 creſcit.

167 1044 284 1082 Video
304 1041 491 1078 murrhina
510 1038 654 1086 pocula.
663 1049 802 1085 parum
822 1036 952 1075 ſcilicet
969 1037 1107 1073 luxuria

170 1104 298 1141 magno
327 1094 457 1138 fuerit,
485 1094 543 1128 niſi
575 1091 674 1139 quod
702 1098 886 1133 vomant,
916 1088 1109 1136 capacibus

168 1144 315 1190 gemmis
338 1145 430 1179 inter
448 1142 484 1178 ſe
506 1143 756 1190 propinarent.
781 1143 905 1178 Video
933 1139 1109 1178 uniones,

168 1205 235 1228 non
255 1192 410 1240 ſingulos
431 1192 572 1240 ſingulis
596 1191 741 1232 auribus
764 1196 1016 1238 comparatos:
1035 1190 1111 1223 iam

171 1243 259 1278 enim
271 1242 490 1278 exercitatae
509 1238 610 1275 aures
626 1241 726 1275 oneri
739 1241 890 1276 ferendo
910 1240 1008 1274 ſunt:
1031 1241 1111 1272 iun-

170 1305 292 1344 guntur
310 1298 402 1333 inter
422 1296 475 1343 ſe,
515 1305 551 1331 et
578 1295 719 1342 inſuper
740 1296 801 1330 alii
824 1296 915 1330 binis
935 1291 1112 1339 ſuperpo-

170 1350 306 1378 nuntur.
332 1351 397 1380 non
418 1341 501 1379 ſatis
519 1342 705 1377 muliebris
727 1341 863 1376 inſania
883 1342 979 1374 viros
992 1341 1110 1374 ſubie-

173 1401 272 1437 cerat,
287 1394 346 1428 niſi
360 1393 446 1432 bina
460 1404 502 1427 ac
520 1401 621 1426 terna
640 1392 862 1438 patrimonia
881 1391 1025 1425 auribus
1046 1390 1112 1423 ſin-

171 1447 255 1494 gulis
276 1448 538 1495 pependiſſent.
562 1448 688 1487 Video
709 1446 835 1482 ſericas
853 1445 987 1487 veſtes,
1003 1445 1023 1479 ſi
1046 1456 1111 1480 ve-

173 1503 229 1537 ſtes
240 1500 429 1540 vocandae
439 1499 555 1544 ſunt,
540 1495 573 1545 in
582 1498 710 1546 quibus
721 1498 809 1534 nihil
821 1498 868 1533 eſt
880 1509 953 1544 quo
965 1497 1112 1533 defendi

175 1562 229 1588 aut
248 1562 402 1599 corpus,
426 1561 488 1588 aut
514 1551 671 1597 denique
691 1551 810 1597 pudor
828 1549 957 1597 poſſit:
981 1545 1112 1596 quibus

171 1596 311 1642 ſumtis,
328 1597 459 1632 mulier
479 1607 605 1643 parum
624 1592 789 1642 liquido,
821 1595 956 1628 nudam
976 1595 1011 1627 ſe
1037 1604 1111 1627 non

174 1648 252 1693 eſſe,
280 1648 439 1689 iurabit.
459 1647 552 1684 Haec
573 1646 709 1693 ingenti
731 1646 890 1688 ſumma,
913 1644 959 1677 ab
978 1645 1113 1690 ignotis

177 1701 279 1734 etiam
298 1700 345 1735 ad
360 1698 616 1734 commercium
639 1696 803 1743 gentibus
819 1694 1051 1739 arceſſuntur,
1073 1701 1114 1727 ut

175 1763 357 1790 matronae
383 1752 541 1798 noſtrae,
573 1765 619 1787 ne
643 1750 815 1787 adulteris
837 1750 1009 1797 quidem,
1030 1747 1113 1794 plus

177 1802 220 1836 ſui
242 1803 276 1835 in
299 1800 484 1843 cubiculo,
508 1809 619 1845 quam
638 1798 672 1832 in
693 1798 840 1844 publico
862 1796 1063 1834 oſtendant.

219 1852 263 1893 X.
286 1852 385 1898 Quid
409 1853 485 1899 agis
502 1846 690 1887 avaritia?
714 1856 805 1897 quot
828 1858 945 1883 rerum
963 1849 1113 1882 caritate

178 1913 296 1940 aurum
315 1912 417 1940 tuum
439 1905 578 1940 victum
604 1903 684 1942 eſt?
718 1903 842 1937 omnia
864 1901 923 1934 iſta
941 1910 1034 1944 quae
1058 1909 1114 1932 re-

178 1953 264 1997 tuli,
286 1944 337 1996 in
351 1943 490 1988 maiore
510 1950 649 1985 honore
668 1944 861 1999 pretioque
878 1947 974 1987 ſunt.
1008 1944 1115 1984 Nunc

179 2002 260 2037 volo
284 1996 371 2037 tuas
389 1994 476 2047 opes
501 1997 781 2047 recognoſcere,
808 2000 959 2032 laminas
985 1999 1115 2030 utrius-

183 2062 246 2102 que
264 2056 452 2103 materiae,
465 2055 511 2090 ad
532 2065 623 2103 quas
641 2054 818 2103 cupiditas
833 2052 950 2089 noſtra
971 2051 1115 2099 caligat.
