1542 2382
901 413 978 471 128

461 512 609 555 ſeparata
624 512 676 549 eſt
683 511 926 551 damnatorum
936 513 1007 552 vita
1016 513 1034 550 à
1044 513 1186 566 gaudio,
1203 517 1301 567 quod
1307 519 1410 564 habe-

461 572 497 606 re
503 577 552 607 ex
561 562 689 598 intuitu
699 561 781 602 Dei,
789 558 913 601 ſummi
923 562 1021 606 boni,
1033 575 1205 613 poterant.
1242 567 1410 616 Auguſti-

457 620 542 657 nus:
569 613 699 656 Miſeria
707 608 927 649 damnatorum
936 626 989 649 nec
997 622 1061 648 vita
1070 628 1123 651 nec
1133 628 1219 653 mors
1227 617 1279 664 eſt,
1289 619 1366 665 quia
1372 621 1416 654 in

459 672 626 704 utramque
643 659 713 690 boni
726 654 850 706 aliquid
861 663 1023 698 invenitur.
1074 667 1112 697 In
1127 667 1199 701 vita
1212 672 1333 713 requies
1351 666 1405 713 eſt,

459 720 493 755 in
522 717 619 760 morte
638 707 791 744 terminus.
854 704 927 746 Sed
943 710 1064 756 miſeria
1081 723 1136 757 illa
1150 733 1216 755 non
1234 724 1328 758 habet
1347 728 1403 750 re-

457 769 561 813 quiem
578 772 631 795 nec
645 765 820 803 terminum.
886 765 986 817 Quid
1006 777 1080 815 ergo
1095 770 1171 815 eſt?
1195 774 1316 810 malum
1337 776 1403 810 vite

458 820 499 853 &
516 811 636 849 malum
650 816 757 851 mortis
777 816 800 849 à
810 825 916 853 morte.
970 820 1131 855 Cruciatus
1145 820 1244 857 habet
1243 824 1311 869 ſine
1317 822 1398 869 fine,

455 870 476 901 à
496 865 561 898 vita
578 862 771 902 durationem
785 868 895 914 accipit
901 866 968 914 ſine
981 870 1096 916 requie.
1147 868 1260 922 Quod
1270 886 1355 910 vero
1364 873 1406 910 ſi-

453 925 500 951 ne
509 913 579 949 ulla
588 913 830 957 intermiſſione
841 914 1091 960 exquiſitiſſime
1099 926 1283 965 cruciatur,
1291 922 1328 958 id
1337 934 1405 961 nec

455 971 641 1007 intervallis
652 964 792 1017 gaudet,
811 968 874 1006 ulli
883 960 1105 1010 deleƈtationi
1114 973 1273 1010 animum
1292 968 1402 1024 adpli-

454 1012 566 1058 candi.
612 1022 870 1061 Damnatorum
882 1033 984 1062 pœna
991 1027 1045 1064 eſt
1055 1026 1200 1074 rejeƈtio
1210 1029 1226 1066 à
1230 1026 1327 1067 facie
1334 1030 1402 1068 Di-

451 1070 545 1113 vina,
557 1069 602 1108 de
617 1078 687 1129 qua
699 1070 752 1118 Jo.
770 1060 1052 1124 Chryſoſtomus,
1067 1075 1180 1117 Hom.
1190 1078 1339 1122 XXIV.
1360 1080 1400 1120 in

450 1123 580 1164 Matth.
611 1122 699 1178 Mille
716 1118 855 1176 gehennas
858 1134 966 1173 ponas,
982 1132 998 1167 &
1021 1123 1103 1174 nihil
1113 1133 1169 1170 tale
1181 1134 1239 1175 est,
1248 1134 1341 1182 quale
1357 1134 1398 1180 eſt

451 1175 599 1220 excludià
603 1173 712 1220 gloria
721 1175 751 1212 &
768 1174 840 1212 odio
846 1175 954 1214 haberi
959 1188 983 1211 a
1002 1178 1065 1214 Deo.
1077 1173 1217 1231 Baſilius,
1223 1179 1397 1220 Oratione

450 1226 496 1263 de
505 1242 587 1267 extr.
602 1219 678 1267 Jud.
711 1225 770 1261 Dei
786 1225 933 1265 alienatio
949 1231 1043 1272 atque
1062 1230 1175 1275 averſio
1195 1233 1276 1268 inter
1290 1240 1397 1267 omnes

444 1285 560 1318 pœnas,
570 1281 635 1320 quæ
644 1275 676 1313 in
687 1272 835 1325 gehenna
845 1278 1053 1326 expeƈtantur,
1068 1279 1302 1323 intolerabilior,
1316 1291 1396 1329 gra-

446 1330 574 1368 viorque
590 1327 630 1369 eſt
644 1333 684 1365 ei,
702 1326 757 1370 qui
767 1329 915 1370 patitur,
937 1335 1037 1372 quam
1049 1328 1136 1365 oculo
1148 1328 1227 1366 lucis
1238 1333 1395 1378 privatio,

445 1379 567 1418 etiamſi
571 1385 676 1416 dolore
685 1392 801 1418 careat.
852 1376 950 1414 Sicut
958 1384 1054 1424 ergo,
1066 1377 1128 1424 qui
1139 1375 1247 1418 ſemel
1254 1380 1315 1418 ſibi
1327 1393 1393 1421 cœ-

446 1441 587 1470 citatem
601 1436 659 1469 ſua
675 1428 777 1476 culpa
784 1425 964 1471 contraxit,
979 1426 1129 1468 eandem
1145 1431 1286 1482 culpam
1303 1441 1395 1471 nun-

445 1494 555 1525 quam
568 1489 735 1526 appetere
751 1480 890 1529 poterit,
905 1479 965 1521 ſed
980 1491 1138 1521 extremo
1152 1481 1287 1538 ſemper
1307 1484 1396 1527 odio

445 1534 693 1578 proſequetur:
720 1531 765 1564 ita
782 1532 843 1577 qui
852 1539 1000 1580 peccato
1016 1526 1292 1579 damnationem,
1309 1544 1393 1585 pec-

444 1597 521 1619 care
530 1587 711 1626 nunquam
721 1582 871 1628 amplius
880 1584 983 1622 volet.
1034 1581 1234 1625 Exulabunt
1248 1586 1391 1625 damna-

444 1633 472 1671 ti
487 1631 529 1668 ab
547 1632 770 1672 amœniſſimo
784 1635 865 1671 loco
875 1632 1019 1686 paradiſi
1030 1638 1066 1676 &
1078 1637 1244 1688 jacebunt
1260 1645 1298 1679 in
1312 1642 1390 1678 lacu

443 1683 640 1733 ſulphureis
656 1685 793 1726 ignibus
809 1685 929 1735 pleno.
979 1690 1192 1744 Polycarpus
1211 1692 1391 1741 Presbyter

443 1732 482 1765 in
501 1734 572 1768 vita
588 1720 839 1769 S.Sebaſtiani:
867 1738 981 1771 Omnes
994 1737 1092 1780 ignes,
1118 1748 1283 1782 omnesque
1295 1745 1389 1782 pœnæ

445 1781 539 1826 hujus
554 1774 675 1824 mundi,
691 1783 819 1828 reſpeƈtu
832 1780 913 1833 ignis
931 1788 972 1825 &
986 1790 1137 1824 cruciatus
1157 1790 1290 1836 inferni,
1307 1791 1390 1836 ſunt

444 1838 572 1866 tantum
583 1829 672 1877 quaſi
678 1831 761 1879 ignis
764 1831 864 1879 piƈtus
872 1836 919 1872 ad
932 1847 1038 1873 verum
1052 1839 1093 1873 &
1106 1835 1258 1885 magnum
1274 1840 1388 1886 ignem.

440 1882 600 1931 Haymo,
612 1881 703 1925 libro
711 1885 775 1923 IV.
784 1883 823 1921 in
830 1884 946 1934 Apoc.
1002 1891 1079 1926 Cum
1083 1888 1144 1935 ſint
1150 1892 1182 1926 in
1189 1892 1310 1940 inferno
1319 1902 1390 1929 tan-

442 1946 491 1968 ta,
516 1941 644 1976 tamque
672 1931 909 1980 innumerabilia
930 1942 1097 1982 tormenta,
1122 1946 1243 1983 quanta
1261 1952 1314 1977 nec
1328 1939 1391 1977 dici

440 1998 496 2018 nec
520 1982 658 2026 æſtimari
674 1982 811 2032 poſſunt,
832 1985 961 2025 breviter
983 1989 1017 2023 in
1034 1988 1155 2026 duobus
1177 1994 1282 2030 omnia
1304 2004 1390 2030 com-

435 2038 668 2085 prehenduntur
693 2046 860 2074 tormenta.
909 2040 979 2077 Erit
1002 2040 1083 2076 enim
1101 2041 1186 2091 ignis
1200 2055 1263 2082 non
1271 2044 1320 2080 ad
1337 2046 1386 2080 lu-

1318 2110 1389 2138 cen-
