1635 2296
166 351 235 386 tueri
236 345 329 387 finem,
337 343 414 382 jubet
419 341 490 386 ſequi
504 353 586 373 eorum
596 343 689 382 fidem,
730 339 856 379 Impenſe
871 348 964 377 itaque
982 344 1079 374 exigit,

168 401 199 421 ut
207 390 360 429 proborum
368 388 491 419 Eccleſiæ
499 390 659 418 Præconum
678 386 736 415 vitæ
751 383 858 415 curſum
877 394 937 412 non
953 389 1082 411 tantum

167 440 370 471 percurramus,
379 430 407 457 &
415 439 498 469 quem
511 429 623 458 vivendi
639 427 742 457 exitum
756 423 914 459 habuerint,
924 433 959 451 ex
966 422 1080 453 curioſi-

170 476 232 505 tatis
253 474 391 511 cujusdam
408 472 555 511 prurientis
571 471 684 500 ſtimulis
710 470 801 506 magis,
818 477 887 505 quam
910 468 967 496 ullo
984 467 1083 496 noſtro

171 528 234 557 erga
247 518 315 557 ipſos
331 520 429 559 amore,
427 514 627 558 ſuperficiarie
645 512 851 552 expendamus;
870 520 966 541 verum
979 510 1087 538 etiam

172 559 325 589 eorundem
332 561 456 595 virtutes,
466 557 597 595 pietatem
608 564 689 595 atque
699 554 781 584 fidem
797 553 857 592 ipſo
869 562 952 590 opere
963 552 1088 582 æmulari

169 602 335 634 ſtudeamus.
375 602 476 630 Parum
489 600 564 628 enim
572 596 673 636 frigida
688 597 735 625 iſta
745 607 778 625 ac
791 595 968 626 tranſultoria
982 594 1012 621 in
1025 593 1089 622 ani-

169 652 247 673 mum
264 642 410 672 revocatio
424 639 572 680 profutura
586 638 664 677 eſſet,
678 636 702 679 ſi
710 638 744 667 ad
760 636 942 667 enixiſſimum
958 633 1091 665 imitandi

170 684 344 723 propoſitum
350 691 411 711 non
419 681 585 720 accingaris.
629 679 677 709 Ad
685 673 773 717 magis
783 676 946 708 excitandos
963 674 1089 706 oblivio-

172 728 219 758 fos
232 727 433 766 præteritorum
447 725 556 754 animos
572 731 761 762 argumentum
784 721 925 761 quoddam
940 723 967 750 &
983 718 1092 749 cauſam

172 771 211 801 ad
224 770 416 801 renovandam
429 767 576 799 beatorum
590 766 734 798 Præſulum
746 766 911 795 memoriam
932 770 1094 793 moventem

166 822 209 848 ex
217 815 345 853 æquitatis
359 812 542 843 fundamento
551 809 697 840 ſubnectit.
741 811 809 838 Eam
818 818 851 836 ex
859 802 916 846 inde
927 801 987 845 feſſa
1002 804 1092 843 prædi-

174 858 228 885 cati
236 858 367 884 Sermonis
381 853 466 882 divini
482 861 568 891 opera
579 850 724 881 clarisſime
733 852 760 879 &
768 849 905 880 verisſime
915 847 992 878 ſimul
1003 845 1092 876 dedu-

175 898 223 926 cit.
266 898 365 934 Utique
375 895 430 925 hoc
440 892 607 923 beneficium
623 898 729 920 tantum
744 891 797 926 eſt,
820 898 849 916 ut
877 898 910 917 eo
927 897 1041 918 nomine
1057 886 1094 916 ad

174 944 336 977 perpetuam
360 936 586 966 recordationem
601 934 713 963 illorum
732 941 850 961 omnino
867 938 1018 960 teneamur.
1059 929 1094 959 Id

174 992 262 1013 omne
277 991 322 1011 me
336 981 438 1020 pariter
448 979 577 1017 impellit,
594 987 622 1008 ut
637 976 879 1015 impræſentiarum
894 977 1018 1005 Maxime
1037 977 1093 1004 Re-

177 1028 293 1056 verendi
301 1031 382 1062 atque
401 1023 568 1062 Amplisſimi
576 1027 672 1054 VIRI
693 1023 916 1054 CONRADI
938 1022 1097 1051 FEVER-

178 1074 293 1106 LINI,
309 1070 455 1100 Miniſterii
465 1067 644 1099 Eccleſiaſtici
659 1061 899 1102 Norimbergenſis
916 1063 1050 1092 Antiſtitis
1070 1063 1099 1090 &

180 1112 319 1147 Senioris,
332 1109 502 1149 Reipublicæ
511 1107 724 1139 Bibliothecarii
733 1108 761 1136 &
769 1108 804 1136 ad
811 1109 848 1135 D.
858 1105 970 1136 Sebaldi
977 1105 1098 1135 Paſtoris

180 1149 376 1191 vigilantisſimi
386 1149 526 1180 decurſum
536 1145 594 1187 vitæ
609 1147 720 1178 ſtadium
744 1146 842 1176 iterum
858 1154 962 1174 emetiri
984 1144 1097 1173 ſuſtine-

181 1196 237 1225 am.
276 1196 401 1225 Meretur
409 1195 438 1223 id
449 1193 504 1224 ſane
518 1194 566 1223 Vir
581 1193 615 1222 de
623 1192 676 1222 ſuis
692 1190 765 1221 hiſce
779 1186 952 1224 muneribus,
968 1188 1025 1216 imo
1033 1186 1098 1214 uni-

182 1235 259 1265 verſa
280 1234 377 1266 Chriſti
399 1231 519 1263 Eccleſia
538 1228 727 1261 immortaliter
748 1229 870 1257 meritus.
912 1227 1008 1255 Editus
1026 1228 1048 1255 is
1066 1226 1104 1255 eſt

185 1276 304 1309 Svobaei
318 1278 346 1306 in
361 1273 571 1313 Franconibus,
587 1273 739 1305 Onoldinæ
754 1271 869 1301 ditionis
892 1269 1001 1309 oppido
1016 1279 1028 1305 3
1042 1268 1102 1299 Kal.

185 1325 258 1352 Dec.
291 1323 439 1354 MDCXXIX
454 1319 553 1350 ſummo
569 1325 662 1352 mane,
672 1323 756 1354 atque
764 1315 835 1344 adeo
847 1313 895 1344 ſub
911 1315 970 1352 ipſo
981 1314 1049 1341 lucis
1060 1312 1103 1340 di-

185 1363 279 1392 luculo
301 1361 388 1391 vitalis
413 1367 527 1398 quoque
542 1359 610 1389 lucis
627 1358 780 1388 diluculum
795 1354 907 1386 exorſus
926 1356 980 1391 eſt;
1000 1355 1103 1382 Paren-

185 1402 258 1433 tibus
267 1402 328 1433 uſus
336 1411 396 1432 non
404 1399 567 1431 Clarisſimis
589 1398 702 1438 quidem
717 1398 789 1434 illis,
817 1406 844 1425 at
859 1394 1052 1426 honeſtisſimis
1062 1403 1106 1423 ta-

185 1459 266 1487 men;
294 1453 374 1482 Patre
395 1452 614 1482 IOHANNE
641 1448 920 1480 FEVERLINO,
939 1445 1104 1474 Senatore,

187 1489 360 1524 cereviſiariæ
376 1490 416 1519 rei
424 1488 569 1529 opificium
579 1487 720 1526 profeſſo;
746 1489 837 1516 Matre
848 1484 1029 1516 VRSVLA,
1043 1486 1107 1512 SE-

186 1534 423 1567 BASTIANO
457 1532 706 1569 MVLLERO,
739 1529 807 1557 Cive
824 1523 1050 1563 Norimbergenſi
1072 1533 1107 1551 ac

187 1575 347 1604 Mercatore
355 1570 481 1602 Ferrario
489 1576 639 1608 prognata.
681 1570 748 1598 Eam
760 1568 829 1598 ſolet
836 1570 931 1598 DEVS
943 1575 1004 1595 cum
1014 1572 1106 1592 tenuis

186 1615 323 1653 fortunæ,
339 1611 390 1654 imo
408 1612 508 1653 infimæ
528 1613 611 1643 etiam
624 1610 704 1640 ſortis
722 1608 870 1639 hominum
886 1605 978 1637 liberis
996 1604 1105 1643 ingredi

189 1658 278 1692 viam,
294 1664 325 1685 ut
337 1655 373 1685 ad
385 1653 530 1685 altisſimos
546 1653 723 1691 Dignitatum
740 1649 876 1678 ſacrarum
885 1656 986 1686 pariter
1002 1652 1107 1683 atque,

189 1695 351 1725 ſecularium
357 1695 449 1732 apices
459 1696 572 1723 evectos
582 1696 610 1720 in
621 1694 790 1721 ſummorum
799 1689 967 1728 quandoque
974 1689 1105 1723 Regum

190 1739 307 1776 ſolium,
327 1740 347 1768 &
358 1738 517 1777 Principum
526 1736 735 1766 familiaritatem
749 1731 958 1775 intromittat.
967 1730 1042 1771 Quis
1054 1738 1107 1755 un-

190 1793 277 1823 quam
284 1785 317 1814 de
325 1785 601 1814 FEVERLINO
610 1780 749 1810 ominatus
759 1778 838 1812 eſſet,
853 1778 905 1806 tale
915 1775 1001 1813 ipſum
1016 1774 1109 1803 olim.

191 1821 370 1854 Eccleſiaſtici
379 1823 441 1852 cœli
455 1820 526 1852 ſidus
534 1821 675 1856 futurum,
692 1821 720 1846 &
734 1824 824 1845 tamen
841 1824 900 1844 non
917 1813 1043 1844 obſtante
1060 1823 1111 1841 na-

191 1864 287 1896 talium
293 1862 484 1896 mediocritate
490 1862 618 1893 maximis
632 1864 664 1891 in
681 1870 754 1889 cœtu
768 1861 850 1890 DEI
874 1855 955 1888 rebus
972 1855 1112 1896 prædeiti-
