1808 2746
593 454 704 500 geniti
727 467 751 489 s.
777 453 815 487 in
844 464 989 501 quoquo
1022 461 1124 503 partu
1151 454 1215 490 ſuis
1241 455 1367 504 primas
1402 460 1606 503 premunt:

591 510 606 528 ¹
625 517 684 540 eae
703 502 780 537 ſunt
796 502 951 539 faucibus
969 503 1163 551 proximae:
1190 508 1206 527 ²
1222 503 1319 543 ſuam
1333 502 1475 552 quiſque
1492 504 1593 539 nouit

591 556 630 591 in
654 553 725 589 fetu
751 566 819 601 quo
849 555 985 598 genitus
1012 554 1058 591 eſt
1082 554 1225 600 ordine,
1251 566 1358 601 eaque
1376 554 1494 597 alitur,
1525 567 1591 590 nec

594 611 670 646 alia.
721 608 884 646 Detracto
910 611 966 647 illa
991 610 1131 646 alumno
1149 611 1207 646 ſuo
1226 609 1398 658 ſterileſcit
1414 612 1528 655 illico,
1556 622 1595 644 ac

592 659 705 697 reſilit.
732 670 763 697 t.
815 664 895 696 Vno
932 673 1015 695 vero
1046 673 1085 695 ex
1112 661 1209 698 omni
1232 660 1332 696 turba
1355 660 1491 707 relicto,
1525 661 1593 698 ſola

593 709 750 746 munifex
777 721 825 752 u.,
852 720 940 757 quae
967 711 1086 755 genito
1112 710 1225 747 fuerat
1252 710 1433 757 attributa,
1458 711 1593 748 deſcen-

594 764 657 801 dit.
685 777 717 800 x.
771 763 873 799 Vrſae
888 773 919 812 y.
938 774 1103 798 mammas
1123 770 1305 811 quaternas
1327 772 1462 809 gerunt.
1515 766 1593 802 Del-

590 816 693 865 phini
707 827 739 853 z.
756 815 851 851 binas
871 815 904 850 in
923 816 988 850 ima
1007 816 1084 851 aluo
1102 809 1241 867 papillas
1262 823 1417 858 tantum,
1441 828 1505 851 nec
1524 817 1594 853 eui-

593 875 733 912 dentes,
761 874 772 900 ³
793 877 827 903 et
852 869 993 917 paulum
1018 872 1054 906 in
1080 870 1261 917 obliquum
1287 868 1473 919 porrectas.
1521 873 1593 906 Ne-

593 934 664 969 que
674 922 763 957 aliud
780 922 905 958 animal
923 924 958 959 in
969 923 1067 960 curſu
1080 922 1107 963 ⁴
1107 922 1278 963 lambitur.
1329 926 1372 959 Et
1389 924 1549 961 balaenae
1559 935 1589 958 a.

592 982 609 1008 ⁵
625 983 741 1013 autem
762 975 929 1025 vitulique
956 977 1113 1019 mammis
1132 978 1293 1013 nutriunt
1309 976 1415 1014 fetus.

1473 1031 1595 1071 XCVI.

638 1097 658 1119 1.
682 1086 718 1118 Et
742 1084 768 1124 ſi
786 1085 860 1125 eſcae
874 1085 948 1125 ſunt
962 1085 995 1126 f.
1011 1095 1041 1127 p.
1059 1096 1151 1117 tamen
1160 1084 1257 1124 ſuam.
1302 1081 1334 1115 V.
1342 1090 1442 1122 praue.
1524 1089 1551 1109 2.

672 1123 799 1172 Quidam
820 1123 954 1160 inſerunt,
983 1131 1019 1148 et.
1103 1129 1130 1158 3.
1153 1123 1195 1151 Sic
1218 1132 1253 1152 ex
1275 1121 1362 1154 MSS.
1382 1134 1432 1154 em.
1457 1120 1552 1155 Hard.

675 1175 749 1216 conſ.
769 1176 818 1209 Ch.
829 1177 918 1218 paulo
940 1176 991 1208 Gr.
1010 1186 1037 1207 et
1052 1175 1144 1217 vulgg.
1229 1178 1257 1206 4.
1281 1169 1425 1203 lambitur.
1453 1171 1552 1203 Balae-

674 1222 726 1242 nae
748 1220 855 1251 autem,
886 1212 1022 1253 vitulique
1041 1217 1144 1245 marini
1157 1219 1281 1249 mammis
1293 1218 1337 1250 D.
1397 1227 1421 1260 5.
1443 1225 1551 1255 autem,

984 1267 1014 1295 in
1031 1266 1078 1297 M.
1094 1263 1174 1305 deeſt.

590 1319 705 1363 σχιδὲς
720 1322 748 1355 ἐν
765 1323 832 1357 τοῖς
846 1323 959 1363 μηϱοῖς.
982 1327 1070 1358 Ariſt.

592 1363 633 1392 de
646 1371 721 1402 part.
743 1362 835 1390 anim.
853 1364 884 1392 L.
901 1365 954 1393 IV.
977 1373 1001 1393 c.
1022 1370 1070 1393 10.

589 1419 622 1448 p.
645 1415 734 1446 1035.
780 1412 816 1440 H.

635 1455 657 1475 s.
698 1445 793 1475 Primo
824 1441 938 1485 geniti)
980 1444 1069 1476 Ariſt.

588 1493 611 1525 l.
628 1503 652 1524 c.
668 1493 730 1524 Alb.
749 1494 792 1524 M.
812 1492 850 1522 de
867 1492 958 1523 anim.
974 1494 1007 1524 L.
1018 1495 1070 1526 VI.

589 1544 627 1566 tr.
648 1543 677 1575 3.
706 1546 731 1566 c.
751 1543 779 1565 I.
808 1547 837 1575 p.
862 1544 933 1574 209.
974 1535 1072 1577 Quum

590 1585 685 1607 autem
712 1585 794 1615 porca
821 1577 942 1616 peperit,
978 1580 1070 1615 primo

590 1627 658 1648 nato
682 1616 743 1657 filio
771 1616 820 1647 dat
842 1626 987 1653 mammam
1013 1621 1072 1658 pri-

590 1671 679 1697 mam,
701 1669 727 1689 et
739 1659 781 1698 ſic
803 1660 864 1693 aliis
877 1661 950 1700 filiis
964 1662 1014 1692 dat
1026 1672 1071 1691 or-

589 1704 687 1731 dinate
700 1710 843 1730 mammas:
854 1701 1017 1741 aliquando
1029 1709 1082 1731 ta-

590 1756 653 1777 men
667 1745 717 1775 hoc
732 1755 788 1775 non
804 1744 912 1778 accidit.
960 1749 998 1778 H.

634 1802 655 1824 t.
677 1794 719 1824 Ac
733 1791 832 1833 reſilit)
855 1796 890 1824 In
908 1793 1010 1824 aluum
1028 1801 1072 1822 re-

590 1836 652 1872 dit,
681 1837 834 1874 contacta,
860 1836 1000 1874 flaccida,
1026 1845 1071 1866 ru-

589 1885 668 1928 goſa.
713 1889 781 1920 Dal.

633 1920 675 1947 Ac
698 1915 813 1955 reſilit)
843 1917 979 1947 Mamma
1001 1909 1071 1945 con-

593 1966 737 2002 trahitur,
758 1976 788 1999 et
803 1966 957 2000 flacceſcit.
1002 1970 1041 1999 H.

632 2013 660 2033 u.
697 2006 760 2034 Sola
805 1999 958 2044 muniſex)
989 1996 1072 2036 Sola

591 2059 708 2082 mamma
716 2061 745 2080 ea
763 2052 806 2080 cui
814 2049 895 2089 ſuus
895 2049 933 2090 eſt
940 2050 1026 2091 fetus
1035 2051 1073 2082 la-

592 2097 717 2129 ctandus.
764 2101 801 2129 H.

631 2149 663 2170 x.
682 2136 858 2178 Deſcendit)
879 2139 1023 2170 Demittit
1041 2136 1071 2171 ſe

588 2181 628 2211 ab
642 2182 712 2211 aluo
728 2188 863 2217 mamma,
879 2189 909 2210 et
926 2181 971 2210 lac
987 2178 1072 2219 ſpon-

591 2236 625 2257 te
638 2225 749 2257 fundit.
792 2226 949 2258 Libentius
968 2234 1071 2256 tamen

591 2268 790 2309 agnouerim,
818 2267 994 2309 diſtenditur.
1030 2271 1070 2303 H.

1151 1335 1185 1362 y.
1210 1326 1324 1363 Vrſae)
1349 1326 1439 1359 Ariſt
1455 1329 1494 1356 H.
1507 1328 1543 1357 A.
1559 1327 1593 1357 L.

1112 1365 1153 1394 Il.
1169 1371 1196 1391 c.
1217 1365 1245 1396 8.
1266 1373 1295 1400 p.
1314 1363 1382 1402 176.
1424 1367 1465 1395 H.

1155 1455 1182 1475 z.
1205 1444 1355 1486 Delphini)
1375 1447 1528 1476 Mammas
1543 1445 1594 1475 ha-

1112 1486 1188 1518 bent
1209 1486 1358 1526 Delphini
1381 1484 1469 1522 duas,
1490 1485 1591 1523 inquit

1114 1533 1329 1576 Philoſophus,
1359 1535 1397 1570 H.
1415 1539 1451 1568 A.
1468 1538 1497 1568 L.
1513 1539 1551 1568 II.
1566 1548 1590 1568 c.

1117 1573 1164 1605 I6.
1187 1585 1217 1614 p.
1234 1580 1303 1611 215.
1334 1573 1404 1614 quia
1433 1571 1499 1606 ſunt
1522 1575 1595 1607 viui-

1113 1617 1193 1655 pari:
1216 1626 1267 1647 eas
1283 1626 1355 1646 vero
1377 1627 1440 1647 non
1460 1616 1490 1646 in
1506 1625 1593 1657 parte

1111 1659 1282 1701 ſuperiore,
1298 1659 1362 1692 ſed
1388 1670 1487 1700 prope
1506 1662 1594 1700 geni-

1112 1703 1173 1731 tale
1202 1702 1334 1732 habent:
1366 1697 1470 1742 neque
1497 1701 1594 1740 papil-

1113 1747 1161 1777 lae
1177 1745 1309 1783 exſtant,
1332 1743 1592 1785 quemadmodum

1113 1786 1377 1829 quadrupedibus:
1409 1789 1463 1821 ſed
1497 1791 1593 1821 veluti

1112 1828 1236 1860 tubulos
1266 1828 1381 1862 habent
1405 1828 1498 1865 duos,
1529 1824 1594 1862 οἷον

1112 1868 1228 1919 ϱύαϰας
1250 1871 1319 1914 δύο,
1357 1876 1508 1915 vtrimque
1536 1875 1594 1907 ſin-

1113 1916 1200 1956 gulos
1220 1927 1241 1948 a
1265 1918 1377 1953 latere,
1404 1926 1463 1956 qua
1482 1917 1529 1948 lac
1550 1918 1593 1951 ef-

1115 1962 1206 2000 fluat,
1242 1962 1324 2003 quod
1352 1963 1382 1997 in
1418 1962 1481 2004 ipſo
1508 1963 1593 1996 curſu

1113 2001 1178 2046 ſugi
1198 2005 1235 2037 ab
1261 1996 1496 2047 aſſequentibus
1514 2015 1594 2037 catu-

1115 2049 1152 2080 lis
1185 2048 1330 2080 nonnulli
1358 2041 1458 2089 palam
1485 2046 1596 2089 ſpecta-

1113 2102 1193 2124 runt.
1237 2094 1318 2125 Vide
1342 2104 1378 2126 et
1385 2091 1520 2134 Oppian.
1536 2095 1595 2126 Ha-

1111 2139 1197 2170 lieut.
1218 2138 1250 2169 L.
1270 2140 1289 2170 I.
1311 2149 1337 2178 v.
1352 2139 1424 2172 660.
1469 2141 1510 2170 H.

1156 2222 1184 2259 a.
1205 2227 1244 2254 Et
1266 2220 1417 2258 halaenae)
1442 2212 1531 2247 Ariſt.
1552 2215 1591 2246 H.

1114 2273 1156 2304 A.
1174 2273 1209 2305 L.
1226 2274 1280 2304 III.
1298 2284 1323 2306 c.
1345 2269 1391 2305 16.
1409 2274 1439 2309 p.
1452 2275 1522 2312 383.
1552 2274 1593 2306 H.
