1866 2743
279 454 543 491 PINNOTERES,
543 453 659 495 ſquilla.
667 460 685 479 v.
693 454 755 485 Fin.

237 483 290 519 III.
304 500 342 527 19.
364 491 431 519 Nat.
441 488 479 519 D.
486 488 523 519 II.
532 493 576 524 48.

278 539 538 575 PISCINARIVS,
572 537 621 577 qui
639 536 754 577 piſcinis

237 579 426 607 murenarum,
439 571 614 612 aliorumque
616 568 753 611 pretioſo-

235 625 299 646 rum
306 618 439 658 piſcium,
462 619 635 649 deleƈtatur;
661 610 753 658 qualis

236 655 266 687 L.
275 656 401 688 Lucullus
414 657 480 696 fuit.
501 657 562 687 Att.
571 657 593 687 I.
607 659 690 693 16.17.

280 700 521 741 PISTRINVM,
540 713 638 734 carcer
653 702 754 742 priva-

235 752 289 785 tus,
310 748 348 786 &
363 748 538 788 ergaſtulum.
573 751 612 788 Q.
628 750 673 780 Fr.
692 749 752 780 1.2.

236 783 261 821 §.
270 796 296 821 4.
309 785 339 814 in
347 786 485 825 publicam
493 785 650 823 cuſtodiam,
662 786 709 816 vel
723 785 753 815 in

231 830 391 870 piſtrinum.

275 874 368 904 PIVS.
388 873 423 903 ad
438 872 505 904 Div.
518 871 554 901 X.
561 879 603 907 24.
621 869 675 910 piæ
688 880 753 912 pro-

235 909 414 950 pinquitates.

276 957 466 988 PLACARE.
485 955 600 988 Tuſcul.
608 956 644 987 II.
652 963 676 990 8.
694 954 752 985 hæc

234 990 330 1023 dextra
343 991 480 1027 Lernam,
502 992 616 1022 maƈtata
630 999 750 1027 excetra,

230 1039 380 1077 placavit:
415 1039 433 1069 i.
455 1049 476 1069 e.
502 1045 598 1069 tutam
616 1039 751 1071 reddidit.

235 1082 293 1112 Sed
318 1082 433 1111 videtur
452 1081 609 1121 legendum,
636 1080 750 1120 pacavit.

234 1122 337 1154 Placari
350 1123 460 1163 quidem
477 1133 558 1152 mare
569 1122 685 1160 dicitur,
695 1122 754 1164 ſed

234 1166 324 1196 aliam
347 1165 380 1196 ob
400 1164 536 1206 cauſam,
569 1171 666 1204 nempe
684 1164 751 1205 quia

233 1206 409 1247 tempeſtates
427 1208 475 1237 iræ
493 1207 583 1237 maris
598 1207 752 1237 dicuntur:

234 1260 298 1279 cum
311 1257 407 1280 autem
427 1261 446 1279 a
462 1252 636 1291 prædonibus
648 1252 751 1283 libera-

232 1296 295 1327 tur,
308 1292 398 1333 pacari
413 1294 520 1323 dicitur
532 1302 619 1328 mare,
633 1302 687 1322 non
694 1292 752 1332 pla-

232 1340 297 1371 cari.
340 1341 446 1372 Similis
470 1341 547 1371 Iocus
576 1340 613 1381 eſt
638 1341 752 1377 Virgilii

232 1383 296 1413 Æn.
318 1383 362 1413 VI.
384 1388 441 1418 803.
460 1382 495 1411 de
513 1381 657 1412 Hercule:
683 1380 751 1420 Ery-

232 1420 340 1451 manthi
347 1421 478 1462 placarit
490 1430 614 1451 nemora.
622 1421 671 1451 ubi
677 1422 751 1452 reƈte

231 1477 246 1495 e
252 1467 339 1498 MSS.
351 1466 454 1507 pacarit
468 1466 591 1506 repoſuit
603 1465 750 1506 Heinſius:

231 1509 311 1540 quem
335 1503 394 1531 vid.
420 1502 472 1531 has
490 1497 571 1532 voces
589 1503 751 1542 permutari

230 1557 328 1579 notum
342 1548 388 1589 eſt.
408 1551 465 1580 vid.
477 1548 626 1580 Drakenb.
652 1550 694 1580 ad
705 1550 751 1580 Si-

230 1592 299 1623 lium
312 1592 350 1622 II.
364 1598 424 1627 483.

269 1638 489 1670 PLACATVS.
508 1633 588 1671 Tuſc.
601 1633 646 1671 IV.
657 1648 692 1676 17.
701 1637 750 1669 ſibi

230 1670 290 1713 ipſe
301 1675 453 1716 placatus:
484 1673 518 1703 de
538 1673 648 1704 homine
668 1681 750 1703 tran-

231 1722 311 1759 quilli
326 1723 423 1753 animi.
445 1720 528 1759 Quir.
540 1731 568 1759 p.
586 1721 614 1753 R.
623 1731 640 1754 1.
658 1716 684 1757 ſi
678 1723 750 1753 mihi

226 1761 349 1799 placata
369 1763 465 1794 omnia
484 1762 614 1795 fuiſſent:
641 1762 669 1793 h.
684 1772 710 1793 e.
721 1760 753 1802 ſi

230 1806 274 1837 nil
284 1807 397 1844 adverſi
403 1806 472 1837 mihi
484 1803 634 1844 accidiſſet.

272 1851 594 1887 PLANGVNCVLA,
608 1856 695 1892 pupa,
706 1847 749 1890 ſi-

230 1886 389 1916 mulacrum
396 1894 514 1923 cereum,
521 1889 552 1927 ex
558 1890 652 1921 Græco
659 1890 749 1920 πλαγ-

229 1934 287 1967 γών.
308 1936 370 1967 Att.
378 1935 430 1966 VI.
438 1945 457 1965 1.
482 1930 584 1973 inventæ
598 1933 657 1963 ſunt
667 1932 749 1973 quin-

229 1980 287 2010 que
297 1974 491 2015 plangunculæ
505 1982 702 2005 matronarum.
721 1984 748 2003 v.

230 2013 323 2059 Boſius
334 2019 375 2047 ad
386 2013 413 2047 h.
422 2017 441 2047 l.
456 2017 505 2058 qui
516 2016 590 2047 hanc
601 2027 696 2047 vocem
705 2017 750 2048 Ci-

229 2061 324 2091 ceroni
331 2059 461 2101 reſtituit,
465 2059 602 2100 probante,
602 2059 749 2100 Lambino,

229 2101 336 2140 Junio,
357 2102 419 2141 &c.
450 2112 514 2132 cum
528 2110 596 2132 ante
615 2100 681 2144 eſſet
688 2102 750 2143 ſine

221 2145 305 2191 ſenſu
317 2149 507 2189 languncuıæ,
532 2147 608 2190 quod
618 2148 750 2190 ſervavit

230 2184 365 2217 Grævius.
406 2187 519 2227 Reperit
540 2187 628 2218 etiam
639 2187 668 2216 in
683 2185 749 2216 Cod.

228 2224 399 2271 Beſſarionis
414 2230 574 2261 Manutius.
602 2226 642 2270 cf.
660 2227 750 2268 Span-

229 2266 297 2301 hem.
306 2273 348 2302 ad
359 2271 469 2302 Callim.
480 2276 509 2307 p.
517 2279 565 2306 711.

268 2319 440 2360 PLANVS,
451 2319 591 2363 impoſtor.
591 2319 749 2357 Cluent.26.

788 450 863 480 hanc
884 460 980 481 vocem
1004 453 1066 483 Viri
1083 451 1158 483 doƈti
1181 449 1309 492 reſtitue-

788 497 858 520 runt
877 490 963 519 etiam
979 491 1128 529 Capitolin.
1149 492 1178 520 in
1198 490 1305 520 Anton.

786 540 861 571 Phil.
876 549 899 568 c.
912 548 945 575 13.
966 538 1015 576 Eſt
1026 541 1114 569 etiam
1122 537 1165 567 bis
1177 544 1222 580 ap.
1231 538 1304 568 Plin.

787 578 908 607 XXXV.
922 587 960 601 10.

827 620 1051 656 PLATALEA,
1072 620 1143 650 avis.
1165 629 1191 651 v.
1211 621 1250 652 N.
1264 621 1304 652 D.

786 665 823 696 II.
840 674 886 696 49.

827 708 1010 738 PLAVSVS.
1029 706 1099 737 Div.
1111 706 1149 737 II.
1159 708 1202 737 26.
1228 706 1304 737 Galli

787 752 868 773 cantu
890 740 1046 783 plauſuque
1077 744 1131 772 alas
1162 751 1303 783 premunt.

786 787 801 801 *
811 787 920 825 gratia,
936 786 1008 815 laus.
1030 785 1142 816 Cluent.
1151 796 1192 822 47.
1203 795 1237 815 ex
1245 794 1304 815 tota

785 828 832 858 iſta
845 826 1045 867 ſubſcriptione
1057 836 1200 856 rumorem
1215 836 1305 864 quen-

786 872 849 901 dam
870 872 896 901 &
913 869 1044 911 plauſum
1063 871 1228 911 popularem
1246 872 1304 903 eſſe

786 913 937 947 quæſitum.

827 958 986 994 PLENVS,
995 958 1082 988 dives.
1091 957 1124 988 ad
1144 957 1202 988 Div.
1218 958 1270 988 VII.
1282 969 1303 998 9.

784 995 872 1026 ſerius
884 994 979 1035 potius
993 993 1026 1023 ad
1036 1003 1096 1030 nos,
1107 994 1173 1024 dum
1183 994 1303 1033 plenior.

784 1043 799 1059 *
813 1039 958 1070 abundans
971 1046 1056 1068 etiam
1076 1040 1106 1068 in
1119 1038 1225 1069 mala
1232 1045 1304 1078 par-

783 1092 850 1115 tem.
875 1085 956 1115 Prov.
973 1084 1057 1113 Conſ.
1065 1089 1089 1116 8.
1118 1083 1179 1122 quis
1196 1084 1305 1123 plenior

784 1125 962 1155 inimicorum
969 1125 1025 1155 fuit
1033 1125 1137 1156 Mario.
1159 1126 1166 1141 *
1174 1134 1303 1164 magnus,

784 1169 916 1209 copioſus.
944 1170 1027 1201 Roſc.
1040 1171 1078 1199 A.
1092 1181 1113 1199 2.
1135 1169 1165 1198 in
1181 1170 1302 1200 alienam

784 1209 951 1248 pecuniam,
963 1218 1019 1238 tam
1023 1209 1136 1249 plenam
1143 1217 1226 1247 atque
1232 1218 1303 1248 præ-

785 1252 892 1287 claram,
912 1251 1050 1282 invaſeris.
1086 1251 1214 1281 Ceterum
1227 1252 1303 1281 male

783 1295 838 1324 huc
849 1295 946 1324 traxit
960 1294 1082 1324 Grævius
1096 1293 1212 1334 plenum
1233 1303 1302 1322 con-

784 1337 892 1368 vivium
908 1349 922 1366 e
934 1337 1075 1369 Suetonio.
1094 1338 1151 1367 vid.
1165 1336 1303 1367 Burman.

784 1383 825 1413 ad
840 1383 917 1414 Suet.
926 1382 991 1423 Cæſ.
997 1393 1045 1421 49.
1074 1383 1089 1398 *
1102 1383 1219 1423 plenum
1234 1384 1305 1413 dici-

783 1427 833 1450 tur
845 1427 945 1460 corpus
960 1419 1106 1461 carnoſum
1120 1419 1157 1457 &
1157 1421 1305 1461 ſucculen-

784 1470 863 1495 tum;
883 1463 1080 1502 opponiturque
1094 1464 1254 1494 macilento.
1274 1474 1304 1492 v.

785 1507 872 1536 Salm.
879 1507 920 1536 ad
931 1506 1015 1536 Solin.
1021 1511 1051 1544 p.
1059 1515 1114 1541 203.
1126 1506 1197 1534 unde
1204 1514 1305 1536 trans-

777 1548 881 1589 fertur
894 1548 935 1576 ad
947 1549 1116 1582 orationem,
1146 1547 1164 1583 &
1190 1548 1303 1586 opponi-

784 1597 834 1619 tur
840 1589 948 1628 jejuno,
969 1588 1117 1629 exſangui,
1133 1594 1220 1622 tenui.
1236 1594 1301 1626 Off.

782 1632 804 1662 I.
826 1642 844 1661 1.
873 1631 1031 1660 orationem
1062 1632 1176 1661 latinam
1196 1631 1302 1662 efficies

776 1673 940 1714 pleniorem.
964 1676 1016 1705 Or.
1026 1675 1075 1705 III.
1084 1685 1122 1711 14.
1138 1673 1174 1704 de
1181 1674 1302 1705 horridis

782 1716 868 1746 rebus
881 1715 977 1751 nitida,
992 1715 1027 1744 de
1039 1714 1140 1754 jejunis
1148 1715 1244 1755 plena,
1265 1715 1303 1747 de

782 1755 951 1796 pervulgatis
965 1765 1039 1785 nova
1050 1755 1174 1794 quædam
1187 1756 1226 1788 eſt
1238 1767 1302 1787 ora-

782 1800 825 1830 tio
836 1809 893 1831 tua.
921 1800 987 1832 ibid.
1003 1810 1039 1837 52.
1060 1801 1079 1831 ſi
1098 1800 1225 1831 habitum
1241 1810 1303 1831 ora-

781 1843 868 1874 tionis
891 1843 904 1874 &
913 1842 986 1882 quaſi
994 1842 1117 1873 colorem
1126 1842 1249 1881 aliquem
1256 1852 1304 1873 re-

781 1885 900 1924 quiritis,
916 1878 958 1916 elt
971 1885 999 1916 &
1007 1885 1092 1925 plena
1104 1885 1240 1924 quædam,
1254 1886 1303 1918 ſed

781 1936 877 1957 tamen
890 1935 973 1957 teres.
994 1926 1047 1958 &c.
1078 1928 1092 1943 *
1113 1929 1143 1957 in
1162 1936 1229 1957 voce
1242 1928 1304 1968 ple-

782 1984 851 2005 num
865 1974 901 2016 eſt
915 1975 994 2009 laus,
1010 1973 1041 2015 ſi
1055 1973 1169 2014 adjeƈta
1185 1974 1223 2015 eſt
1231 1975 1304 2017 ſua-

781 2015 864 2044 vitas.
888 2014 969 2044 Orat.
977 2012 1047 2050 1.29.
1068 2012 1214 2043 neminem
1230 2021 1303 2042 voce

779 2057 933 2099 pleniorem
948 2065 994 2086 aut
1008 2057 1165 2088 ſuaviorem
1178 2057 1249 2087 mihi
1259 2057 1304 2087 vi-

783 2100 853 2129 deor
865 2099 977 2131 audiſſe.
1007 2100 1064 2131 Sed
1076 2101 1163 2130 etiam
1177 2100 1208 2129 in
1220 2100 1302 2136 vitio,

782 2156 846 2178 cum
859 2145 933 2187 abeſt
941 2144 1092 2186 ſuavitas,
1116 2145 1133 2183 &
1154 2145 1304 2187 ſignificat

782 2186 896 2218 vaſtum.
924 2186 978 2217 Or.
992 2187 1047 2218 III.
1059 2197 1092 2215 12.
1114 2185 1192 2223 cujus
1206 2194 1239 2216 tu
1254 2186 1303 2218 illa

781 2228 837 2258 lata
857 2236 1058 2266 nonnunquam
1078 2227 1209 2264 imitaris,
1228 2237 1261 2259 ut
1278 2229 1303 2261 E

776 2271 961 2313 pleniſſimum
974 2272 1057 2303 dicas.
1077 2273 1088 2289 *
1105 2272 1133 2302 de
1139 2271 1242 2306 verbis,
1256 2276 1304 2313 op-

777 2308 901 2353 ponitur
912 2312 1100 2347 contraƈtioni
1117 2320 1170 2345 aut
1189 2312 1242 2344 alii
1258 2313 1304 2343 di-
