2571 3199
627 638 816 680 CIRCA
816 638 1233 680 PROCESSVALIA.

1488 636 1587 692 619

502 757 627 793 CAP.
652 755 719 793 IX.
791 743 1165 791 OBSERVAVIO
1200 738 1364 790 XXVII.

911 823 980 852 DE

285 896 794 967 IVRAMENTI
880 879 1402 946 DELATIONE
1491 878 1592 950 IN

549 970 785 1025 CAVSIS
831 953 1338 1019 CRIMINALIBVS.

291 1073 372 1111 Th.
391 1087 415 1108 1.
453 1072 580 1106 Manet
599 1059 743 1108 regula,
762 1056 861 1105 quod
875 1053 915 1093 in

344 1120 583 1161 criminalibus
606 1110 703 1163 ceſſet
724 1103 916 1148 iuramenti

341 1168 479 1222 delātio.

295 1235 325 1258 2.
354 1219 428 1257 Sed
428 1219 494 1255 non
510 1213 557 1264 eſt
563 1210 636 1260 ſine
651 1206 867 1260 exceptione,
880 1203 939 1254 in

1013 1048 1145 1092 delictis
1152 1046 1351 1092 leuioribus.

966 1113 995 1146 3.
1026 1098 1063 1138 Et
1068 1099 1206 1151 quando
1219 1125 1312 1154 reus,
1324 1107 1376 1158 ad
1373 1107 1587 1169 probandam

1019 1156 1268 1201 innocentiam,
1280 1159 1517 1217 iuramentum
1530 1171 1589 1222 de-

939 1199 1105 1254 fert.

297 1324 429 1470 A

429 1325 471 1381 Ls
487 1328 538 1374 die
552 1324 684 1380 Herren
692 1329 758 1368 uns
763 1316 989 1370 Vorbringen
997 1316 1065 1359 und
1072 1314 1210 1364 ferneres
1217 1314 1393 1362 rechtliches
1399 1318 1599 1380 Verfahren

454 1386 488 1433 in
504 1385 649 1441 Sachen
658 1392 718 1427 des
726 1384 873 1435 Pfarren
886 1376 930 1431 zu
930 1376 972 1422 S.
998 1385 1034 1421 M.
1056 1381 1094 1420 C.
1102 1380 1147 1419 C.
1163 1380 1205 1418 K.
1215 1374 1405 1425 Beklagten
1422 1382 1467 1414 an
1483 1381 1595 1434 einem,

456 1444 515 1487 des
531 1433 814 1494 Forſt ⸗ Meiſters
831 1434 858 1475 I.
876 1432 912 1474 P.
929 1431 969 1473 E.
986 1424 1132 1479 Klaͤgers
1147 1431 1205 1468 am
1227 1422 1353 1467 andern
1367 1418 1487 1470 Theil,
1513 1428 1598 1469 ſamt

299 1500 403 1546 denen
417 1499 521 1548 anbey
536 1487 810 1546 zuruͤckgehenden
825 1485 908 1530 actis
922 1480 1130 1539 zugeſchicket,
1154 1492 1195 1525 ꝛc.
1247 1476 1431 1531 Demnach
1448 1486 1491 1519 ꝛc.

403 1554 500 1608 Daß
519 1547 646 1603 Klaͤger
666 1547 701 1593 in
723 1539 986 1594 anderweitigem
1005 1535 1169 1583 termino
1184 1543 1222 1587 zu
1238 1531 1426 1587 erſcheinen,
1462 1530 1530 1572 und
1543 1533 1601 1586 ſich

302 1605 367 1659 auf
377 1605 443 1654 den
443 1606 479 1652 7.
494 1613 551 1644 12.
565 1610 620 1647 13.
635 1607 689 1646 14.
705 1605 762 1643 15.
777 1597 833 1636 16.
848 1597 909 1640 17.
909 1596 973 1638 18.
988 1599 1048 1638 19.
1048 1597 1120 1636 20.
1132 1596 1188 1624 21.
1201 1595 1259 1625 22.
1270 1593 1328 1630 23.
1345 1592 1403 1631 24.
1415 1584 1483 1620 und
1502 1588 1604 1626 25ten

305 1642 873 1713 Gegen⸗Beſcheinigungs⸗Articul
887 1646 953 1690 ſub
962 1655 1082 1699 pœna
1097 1640 1254 1687 confeſſi
1270 1641 1306 1685 &
1321 1636 1484 1680 conuicti
1499 1638 1603 1686 einzu⸗

307 1714 426 1766 laſſen,
452 1711 531 1760 auch
555 1710 632 1752 weil
643 1709 676 1750 er
695 1705 814 1748 ſolches
834 1702 965 1749 vorjetzo
986 1697 1071 1745 nicht
1084 1693 1224 1744 gethan,
1246 1693 1297 1737 die
1321 1691 1483 1737 Unkoſten
1502 1690 1602 1739 dieſes

307 1761 482 1810 Termins,
511 1761 606 1798 deren
617 1756 670 1796 die
692 1752 753 1791 fol.
769 1758 829 1795 79.
843 1740 1025 1792 liquidirte
1031 1746 1097 1793 auf
1100 1746 1177 1790 drey
1194 1742 1324 1791 Thaler
1332 1742 1518 1787 gemaͤßiget
1524 1749 1609 1780 wer⸗

307 1815 383 1859 den,
406 1816 443 1856 zu
449 1805 603 1855 erſtatten
611 1798 838 1847 verbunden.
861 1798 918 1838 V.
929 1794 1064 1840 R.
1018 1786 1068 1840 W.

762 1844 925 1888 Rationes
952 1840 1153 1883 Decidendi.

412 1906 476 1957 Ob
488 1902 583 1956 wohl
595 1895 721 1952 Klaͤger
728 1895 792 1947 auf
802 1894 853 1939 die
859 1901 926 1936 von
936 1888 1126 1942 Beklagten
1146 1882 1294 1941 gefuͤhrte
1307 1887 1612 1937 Gegen ⸗ Beſchei⸗

315 1960 442 2015 nigung
457 1956 518 2013 ſiqh
537 1952 678 2007 deshalb
691 1945 879 2003 einzulaſſen
904 1944 988 1992 nicht
1006 1943 1147 1997 ſchuldig
1170 1945 1307 1993 erachtet
1324 1953 1454 1982 werden
1477 1957 1614 1991 moͤchte,

314 2017 393 2060 weil
414 2010 574 2071 Beklagter
595 2005 655 2061 ſich
661 2003 764 2059 deſſen
777 1999 892 2048 vorhin
903 1995 992 2047 ſelbſt
1004 1997 1184 2048 geweigert,
1196 2005 1265 2037 und
1278 2008 1520 2055 diuerſitatem
1528 2018 1613 2054 cau-

317 2071 363 2110 ſæ
381 2062 614 2116 vorgeſchuͤtzet,
634 2056 821 2102 dabeneben
837 2051 897 2103 ſich
912 2047 1013 2094 keiner
1041 2046 1295 2100 Beſcheinigung,
1319 2059 1457 2092 ſondern
1475 2065 1532 2085 der
1544 2063 1618 2120 Ey⸗

318 2118 556 2161 des⸗delation
571 2111 652 2165 uͤber
661 2105 768 2151 die
730 2104 763 2157 in
774 2097 956 2144 ſententia
970 2096 1138 2144 bemerckte
1152 2109 1281 2149 articul
1297 2114 1514 2169 angemaſſet,
1536 2113 1618 2161 wel⸗

321 2177 374 2221 che
387 2173 465 2218 doch
480 2163 686 2217 regulariter
696 2158 738 2198 in
749 2150 998 2197 criminalibus
1011 2150 1096 2202 nicht
1110 2155 1188 2202 ſtatt
1198 2159 1268 2200 hat,

477 2223 617 2272 CARPZ.
645 2210 744 2250 Part.
751 2218 777 2245 1.
795 2199 902 2251 Conſt.
917 2211 961 2241 12.
976 2199 1046 2250 def.
1055 2209 1097 2247 15.
1103 2208 1140 2238 n.
1154 2216 1181 2237 1.
1189 2212 1306 2248 ibique

474 2273 643 2306 ANTON.
672 2266 820 2298 FABER.
839 2252 877 2292 in
893 2253 971 2295 Cod.
985 2251 1041 2295 lib.
1056 2266 1094 2301 4.
1109 2259 1189 2290 tit.1
1212 2259 1351 2296 def.
1303 2262 1356 2299 43.

361 2319 612 2370 Alldieweil
632 2314 706 2359 aber
706 2313 760 2357 die
780 2303 959 2362 Einlaſſung
976 2310 1011 2353 in
1017 2310 1093 2350 dem
1101 2308 1221 2355 Urthel
1229 2309 1295 2343 fol.
1311 2310 1378 2347 40.
1391 2300 1427 2339 in
1442 2303 1620 2352 Anſehung

328 2371 390 2415 des
394 2374 591 2425 Beklagten
597 2364 718 2415 bereits
718 2361 876 2412 erkannt,
883 2362 951 2403 und
962 2359 1016 2401 die
1022 2355 1258 2407 vorgewannte
1272 2354 1454 2392 diuerſitas
1462 2355 1503 2388 in
1511 2359 1622 2389 ratio-

332 2424 441 2465 nibus
453 2428 521 2467 fol.
530 2436 584 2473 50.
598 2412 811 2468 remouiret,
822 2405 958 2462 zugleich
969 2410 1051 2460 auch
1064 2409 1131 2458 daß
1143 2408 1190 2448 im
1201 2404 1463 2455 gegenwaͤrtigen
1471 2410 1548 2453 Fall
1563 2413 1630 2452 auf

331 2473 552 2531 willkuͤhrliche
560 2476 667 2523 Geld⸗
677 2469 754 2514 oder
765 2469 883 2515 andere
897 2463 1029 2516 Strafe
1041 2462 1176 2509 erkannt
1188 2460 1317 2505 werden
1325 2461 1437 2510 koͤnne,
1453 2467 1627 2508 behauptet

331 2529 479 2583 worden,
504 2534 583 2579 quo
604 2521 688 2568 caſu
712 2523 757 2568 die
764 2515 1071 2572 Eydes⸗Delation
1096 2520 1160 2563 gar
1171 2513 1264 2568 wohl
1264 2513 1347 2565 ſtatt
1359 2519 1466 2563 haben
1484 2530 1577 2551 mag,

485 2583 657 2617 ANTON.
677 2563 830 2616 FABER.
841 2563 901 2608 cit.
914 2563 978 2608 loc.

1642 1901 1690 1971 1

1642 2321 1692 2367 2

1019 2621 1082 2677 Ji
1082 2621 1145 2677 ii
1145 2621 1181 2677 2

1510 2623 1640 2670 bevor⸗
