1553 2318
546 411 677 463 §.5.

268 491 308 525 Et
336 485 501 534 quondam
530 484 605 520 licet
635 475 692 521 ſui
715 475 889 520 heredes
925 476 1024 519 atque

198 541 379 588 extranei
405 542 539 580 multum
556 536 598 573 ab
615 536 750 573 inuicem
775 532 1025 570 diſcriminaren-

200 610 272 640 tur,
295 609 395 645 vsque
413 609 454 633 eo
472 607 508 634 vt
522 596 580 632 ſuis
597 592 700 629 delata
717 588 873 626 hereditas
889 584 1028 621 necefſa-

201 655 252 690 rio
261 651 407 690 adeunda
421 648 529 696 (quod
541 638 790 687 immiſcere,
814 648 882 673 non
897 635 1029 688 adire,

205 704 278 745 aliàs
298 703 434 749 vocant)
458 701 570 742 fuerit;
606 698 683 731 illud
702 705 808 729 tamen
832 691 1026 728 diſcriminis,

207 764 269 792 tam
287 756 321 791 in
339 765 372 788 re
390 763 486 799 quam
503 752 537 784 in
556 750 709 790 nomine,
736 749 797 779 iam
816 745 871 779 diu
888 741 1026 780 ceſſauit,

207 818 244 843 vt
270 806 312 842 ſic
335 798 448 839 omnes
467 811 501 836 et
516 800 632 846 ſinguli
650 798 783 830 cuiusuis
800 795 924 838 generis
942 792 1029 824 here-

208 852 261 887 des
282 853 317 885 in
341 851 405 884 hoc
420 850 520 882 hodie
538 849 678 878 extranei
693 850 890 884 reputentur.
939 840 1033 872 LV-

211 907 397 944 DOVIC.
423 900 467 938 ad
475 900 512 949 ff.
539 898 591 938 lib.
610 906 663 940 29.
691 897 741 929 tit.
777 904 779 927 2
821 895 855 936 §.
878 901 902 924 I.
930 889 1030 923 iunct.

211 953 447 996 HEINECC.
466 943 668 996 academiſche
686 942 790 981 Reden
808 940 859 976 lib.
875 950 905 975 2.
924 940 973 972 tit.
986 944 1029 978 19.

214 1004 251 1047 §.
268 1006 357 1039 600.
384 997 472 1037 verb.
498 1001 613 1034 Ferner
636 993 757 1044 erſeheu
780 992 842 1028 wir
857 987 936 1024 auch
961 985 1036 1020 dar-

214 1068 269 1093 aus
293 1066 350 1093 etc.
412 1053 511 1100 Quae
536 1049 661 1087 aſſertio
687 1047 810 1094 inſuper
842 1054 884 1079 eo
908 1042 1037 1078 minime

217 1103 377 1140 euellitur:
402 1100 492 1144 quod
514 1107 629 1141 nempe
645 1107 751 1138 neque
766 1105 807 1124 eo
826 1093 925 1134 magis
943 1090 988 1120 ſui
1004 1093 1038 1117 et

219 1164 347 1198 omnes,
385 1162 467 1196 quos
490 1149 536 1186 his
562 1144 812 1194 aequiparandos
837 1140 965 1178 heredes
987 1150 1038 1174 re-

219 1207 322 1245 cenſet
344 1201 621 1244 SCHVLTES
642 1203 678 1233 in
691 1195 802 1231 Addit.
820 1195 867 1228 ad
880 1193 1037 1227 MODE-

219 1258 346 1292 STIN.
360 1250 554 1290 PISTOR.
540 1249 650 1296 part.
663 1250 696 1295 4.
703 1240 819 1289 quaeſt.
828 1247 887 1284 131.
901 1235 1039 1272 delatam

218 1296 446 1340 hereditatem,
473 1292 592 1339 absque
611 1295 737 1336 praeuia
755 1287 899 1320 aditione
918 1282 1043 1327 (minus

221 1367 299 1394 vero
307 1354 464 1400 extranei)
481 1352 548 1400 ipſo
564 1353 631 1387 iure
640 1350 673 1382 in
692 1346 720 1382 ſe
734 1344 937 1393 ipſorumque
947 1349 1044 1386 porro

221 1396 351 1437 heredes
362 1391 583 1440 transferrent;
605 1393 674 1430 vid.
723 1387 939 1427 CARPZOV.
952 1391 1044 1434 part.

223 1465 256 1502 3.
273 1452 389 1501 conſtit.
408 1462 459 1500 14.
480 1448 569 1497 defin.
586 1456 640 1495 23.
656 1456 686 1479 n.
704 1453 732 1489 3.
756 1445 840 1479 Haec
863 1441 948 1475 enim
977 1436 1046 1482 ipſo

222 1506 288 1540 iure
315 1501 397 1538 licita
438 1498 619 1535 hereditatis
655 1493 819 1529 translatio
855 1499 894 1522 eo
930 1488 1043 1522 nititur

225 1547 384 1587 beneficio
408 1558 446 1581 ac
460 1547 685 1591 proficiſcitur:
721 1552 763 1574 ne
787 1539 900 1573 ſcilicet
927 1531 1045 1569 heredi-

226 1610 292 1643 tas,
329 1599 393 1635 ſuis
412 1598 543 1645 quidem
565 1595 732 1632 heredibus
759 1587 961 1627 exiſtentibus
981 1584 1045 1625 ſed,

226 1659 302 1685 ante
325 1645 506 1684 hereditatis
530 1647 707 1678 aditionem
732 1641 784 1673 ſeu
805 1634 1048 1673 immixtionem,

229 1698 313 1736 diem
338 1696 514 1746 ſupremum
542 1696 735 1729 obeuntibus
764 1696 817 1723 aut
845 1684 919 1717 aliàs
950 1685 1051 1728 impe-

231 1746 321 1787 ditis,
360 1757 427 1791 quo
452 1748 556 1779 minus
581 1745 715 1782 adeant,
748 1740 823 1773 fiſco
852 1735 1047 1781 obtingeret.

229 1797 477 1842 CARPZOV.
495 1803 585 1848 part.
606 1802 635 1837 3.
661 1794 750 1838 conſt.
774 1798 821 1831 14.
848 1792 901 1818 tot.
920 1784 977 1833 def.
995 1790 1047 1825 23.

230 1851 327 1890 iunct.
358 1847 605 1888 LVDWEL.
646 1844 818 1880 Exercitat.
848 1836 892 1873 ad
916 1835 1049 1883 inſtitut.

1060 703 1083 731 5

1047 946 1090 971 10

1053 1196 1094 1234 15

1054 1446 1098 1485 20

1058 1693 1102 1729 25
