1851 2703
642 450 729 491 410

895 453 958 486 AD
989 456 1088 490 CAP.
1111 451 1249 493 XXIV.
1270 462 1329 491 DE
1349 459 1466 491 VITA

643 531 683 578 d)

641 747 681 796 e)

642 955 671 1003 f)

636 1470 675 1503 p.

633 1847 668 1890 §.

709 531 836 579 Quum
862 532 964 584 ſupra
976 533 1080 574 ſexus
1105 534 1153 577 ſui
1173 536 1305 577 ſortem
1323 536 1481 587 ſaperet,
1505 539 1541 576 in
1562 539 1688 583 ſolem-

697 587 730 624 ni
748 585 974 631 Academiæ,
1003 597 1110 634 quam
1141 591 1288 628 maritus
1309 590 1477 641 Erlangæ
1509 592 1686 634 condidit,

696 638 919 679 dedicatione
960 639 1075 680 theſes
1102 640 1272 691 quasdam
1308 641 1452 693 publice
1506 645 1686 687 defendit:

695 698 763 737 qua
781 686 827 727 de
850 701 892 728 re
908 699 1007 729 noua
1018 689 1184 732 litteraria
1205 690 1317 732 multa
1332 691 1503 732 referunt.

709 746 866 788 Carmen
896 748 992 789 fratri
1018 746 1107 800 Regi
1138 750 1292 791 natalem
1324 754 1460 794 XLIV.
1491 753 1683 795 celebranti

693 804 929 843 transmiſſum
943 805 1076 854 repetit
1098 811 1347 846 LONGOLII
1378 817 1503 857 progr.
1525 819 1554 846 a.
1576 813 1684 859 1756.

692 854 840 892 editum.
857 854 965 893 Adde
980 853 1155 897 Gelehrte
1165 856 1377 899 Geſchichte
1399 857 1464 898 des
1487 859 1682 901 Weltwei-

692 907 752 944 ſen
768 906 805 942 in
824 905 915 943 Sans
941 903 1055 943 Souci
1080 917 1118 954 p.
1136 911 1219 954 183.

696 955 863 994 Mortem
875 953 953 991 eius
965 952 1067 1003 luget
1080 965 1137 991 10.
1151 965 1442 997 CHRISTIANI
1461 958 1697 1000 SCHMIDT

693 1009 842 1059 Predigt
860 1009 924 1049 auf
949 1011 1022 1053 den
1041 1011 1149 1052 Todt
1170 1012 1257 1056 Ihro
1286 1014 1527 1065 Königlichen
1539 1015 1681 1057 Hoheit

688 1057 783 1098 Frau
832 1068 988 1097 FRIDR.
1034 1066 1209 1098 SOPHIA
1244 1070 1564 1109 WILHELMINA
1598 1063 1681 1103 Bar.

696 1115 803 1157 1758
829 1121 863 1158 4.
894 1109 943 1160 pl.
973 1122 1006 1158 3.
1025 1112 1361 1154 item
1136 1116 1200 1162 10.
1233 1114 1361 1154 MART.
1392 1126 1680 1157 CHLADENII

694 1171 779 1211 pan.
828 1163 981 1206 æternæ
1021 1176 1135 1205 mem.
1177 1165 1343 1209 Sereniſſ.
1387 1171 1445 1210 Pr.
1487 1183 1530 1209 ac
1578 1164 1682 1212 Dnæ

689 1222 815 1251 FRID.
844 1207 1051 1252 SOPHIAE
1070 1223 1428 1255 WILHELMINAE
1461 1217 1672 1258 auctoritate

689 1270 832 1319 publica
840 1273 953 1313 dictus
964 1273 1037 1313 Erl.
1055 1287 1085 1313 e.
1101 1275 1124 1312 f.
1137 1273 1232 1324 pl.6.
1283 1284 1547 1317 VOLTAIRII
1569 1276 1679 1319 odam

689 1319 799 1359 habet
841 1319 904 1357 das
925 1320 1073 1362 neueſte
1102 1333 1165 1362 aus
1185 1322 1251 1362 der
1273 1323 1505 1374 anmuthigen
1525 1324 1680 1366 Gelehr-

687 1374 837 1415 ſamkeit
859 1378 966 1423 1760.
991 1385 1027 1424 p.
1049 1385 1134 1426 237.
1155 1376 1261 1416 Adde
1285 1389 1381 1418 neue
1394 1377 1678 1432 Genealogiſche

682 1424 933 1467 Nachrichten
954 1433 1058 1476 parte
1080 1435 1165 1471 113.
1184 1436 1221 1475 p.
1235 1434 1323 1473 473.

708 1471 793 1501 585.
823 1469 847 1492 l.
877 1473 914 1493 2.
939 1470 1052 1496 adde:
1083 1473 1132 1506 (3)
1155 1493 1366 1517 DAPHNIS
1387 1455 1679 1516 Hirten-gedicht

687 1524 762 1579 auf
791 1527 858 1568 das
898 1528 1240 1585 Vermählungs-feſt
1262 1531 1429 1584 Herzogs
1465 1529 1582 1573 CARL
1611 1527 1678 1574 mit

685 1574 751 1615 der
775 1575 918 1629 Königl.
950 1577 1074 1621 Preuſ.
1095 1568 1286 1630 Prinzeſſin
1306 1590 1509 1620 PHILIPP.
1566 1592 1677 1620 CHAR-

686 1640 848 1671 LOTTE
868 1643 933 1671 von
950 1631 1012 1673 der
1018 1620 1220 1686 Hamburg.
1232 1627 1679 1692 Patrioten-Geſellſchafft,

683 1679 817 1725 Hamb.
839 1683 904 1724 fol.
934 1687 990 1736 (4)
1014 1684 1288 1726 Illuminationes
1324 1699 1371 1727 an
1399 1687 1474 1729 dem
1506 1678 1678 1732 Geburts-

682 1741 767 1786 tage
781 1732 866 1775 Ihro
884 1735 1027 1789 Königl.
1063 1731 1173 1788 Hoheit
1211 1741 1313 1778 PHIL.
1332 1749 1675 1787 CHARLOTTEN,

680 1794 779 1836 Berl.
796 1795 831 1835 d.
853 1808 903 1843 13.
925 1796 1035 1836 Mart.
1060 1805 1170 1846 1745.

694 1845 803 1885 XXI.
829 1847 889 1895 b)
919 1845 979 1886 Ad
1003 1847 1141 1896 quintæ
1169 1845 1253 1890 filiæ
1282 1857 1571 1892 LVDOVICAE
1603 1861 1677 1890 VL-

674 1898 834 1931 RICAE
872 1893 1052 1935 hiſtoriam
1084 1894 1242 1945 pertinet
1261 1897 1323 1946 (I)
1347 1889 1481 1936 MICH.
1520 1896 1676 1938 ROLOF

688 1944 908 1992 Trau-rede,
931 1944 1051 1987 welche
1073 1950 1135 2000 bey
1159 1946 1222 1988 der
1242 1947 1350 1992 hohen
1371 1948 1677 2003 Ehe-verbindung

682 1998 741 2037 des
778 1998 923 2050 Königl.
951 1997 1200 2057 Schwediſchen
1236 1999 1516 2055 Thron-folgers,
1533 2006 1705 2048 Herrn

682 2048 879 2082 ADOLPH
901 2038 1168 2084 FRIDERICH
1186 2049 1252 2084 mit
1258 2048 1320 2085 der
1328 2048 1562 2101 Königlichen
1567 2050 1676 2091 Prin-

681 2099 780 2146 zeſſin
813 2113 992 2141 LOVYSA
1014 2110 1194 2143 VLRICA
1212 2103 1246 2143 d.
1273 2115 1330 2155 17.
1349 2104 1416 2144 Iul.
1434 2112 1543 2152 1744.
1556 2103 1700 2157 gehal-

669 2159 737 2189 ten
760 2156 899 2194 worden
918 2153 1020 2196 Berl.
1042 2166 1078 2203 4.
1099 2153 1147 2204 pl.
1179 2167 1210 2193 1.
1232 2154 1292 2208 (2)
1316 2170 1375 2198 10.
1398 2156 1510 2196 CAR.
1525 2167 1675 2199 DAEH-

681 2214 802 2243 NERT
820 2205 1021 2248 Denkmahl
1041 2208 1104 2249 der
1117 2209 1248 2251 Freude
1265 2211 1349 2253 über
1366 2207 1421 2248 die
1443 2210 1673 2267 Glückſeelig-

672 2247 750 2291 keit
774 2247 977 2289 Pommerns
998 2252 1034 2289 in
1060 2253 1124 2292 der
1148 2253 1399 2303 Vermählung
1431 2264 1511 2292 AD.
1544 2267 1674 2294 FRID.

680 2303 755 2347 und
769 2313 923 2353 LOYSA
940 2318 1147 2356 VLRICA,
1164 2308 1338 2352 Greiſsw.
1352 2309 1437 2369 eod.
1459 2310 1484 2352 f.
1500 2309 1549 2365 pl.
1564 2322 1601 2361 4.
1622 2309 1673 2358 (3)

1607 2378 1673 2413 Be-
