1757 2781
626 539 698 581 216

785 558 846 592 LIB.
857 560 931 588 XII.
946 553 1026 581 TIT.
1037 554 1079 591 I.
1098 558 1139 582 DE
1153 556 1249 588 REBVS
1279 561 1444 600 CREDITIS,

639 641 702 682 ſub
715 647 772 679 tit.
785 640 823 677 de
829 646 873 687 eo,
886 638 973 687 quod
983 645 1069 676 certo
1079 643 1160 685 loco;
1176 646 1212 684 &
1222 648 1313 687 atiud
1330 653 1395 688 iam
1408 653 1590 695 habuimus

638 690 704 736 ſub
712 693 768 735 tit.
788 689 826 733 de
835 689 895 730 dol.
903 684 980 725 mal.
988 683 1026 740 §.
1041 683 1100 731 III.
1152 687 1247 737 Alius
1264 693 1310 737 eſt
1323 698 1521 746 contractus
1530 698 1586 746 bo-

636 752 689 790 næ
702 749 791 787 fidei,
803 743 835 790 in
850 747 923 785 quo
937 737 1057 784 iudex,
1073 736 1106 790 ſi
1105 742 1231 784 exinde
1248 746 1424 800 agebatur,
1444 753 1584 793 liberam

638 793 846 836 poteſtatem
863 786 1023 835 habebat,
1043 803 1088 829 ex
1105 795 1203 834 bono
1219 799 1254 837 &
1271 812 1372 851 æquo
1386 804 1584 849 æſtimandi,

640 850 811 890 quantum
839 842 949 879 actori
972 846 1101 886 reſtitui
1125 850 1269 897 debeat,
1296 858 1387 899 §.30.
1411 860 1450 905 J.
1469 862 1507 898 de
1523 859 1584 901 act.

636 896 743 946 Tales
767 890 842 927 ſunt
864 901 983 929 omnes
998 893 1197 943 bilaterales,
1223 910 1331 951 prout
1345 909 1521 957 colligitur
1539 917 1586 948 ex

640 943 813 989 exemplis
831 945 864 978 in
881 946 918 987 §.
933 954 983 987 28.
994 948 1034 997 J.
1047 949 1080 988 d.
1095 963 1120 989 t.
1132 955 1315 996 recenſitis.
1368 962 1424 999 Sic
1440 965 1475 1000 in
1490 971 1584 1003 emto

640 995 751 1046 vſuræ
776 987 947 1036 debentur
960 1000 1108 1043 propter
1132 1011 1287 1049 moram,
1313 1010 1469 1054 quamuis
1485 1012 1584 1048 nullæ

638 1039 826 1096 promiſſæ,
842 1043 863 1077 l.
867 1057 917 1093 32.
931 1048 966 1089 §.
979 1060 1005 1094 2.
1016 1050 1051 1098 ff.
1069 1051 1108 1088 de
1122 1053 1209 1102 vſur.
1227 1057 1247 1092 l.
1258 1073 1284 1093 2.
1295 1061 1330 1103 C.
1330 1062 1400 1106 eod.
1452 1063 1584 1107 Hodie,

638 1097 723 1144 quia
741 1094 886 1136 iudicem
897 1101 1088 1152 pedaneum
1106 1106 1344 1154 formularium
1359 1129 1430 1155 non
1439 1119 1583 1167 amplius

639 1150 831 1194 habemus,
856 1162 922 1188 nec
941 1160 1030 1197 illius
1043 1162 1265 1205 diſtinctionis
1282 1166 1357 1206 vſus
1373 1170 1440 1209 eſſe
1455 1173 1583 1221 poteſt,

638 1206 718 1247 quæ
729 1202 896 1246 præterea
905 1198 941 1249 in
951 1209 1093 1245 materia
1111 1211 1154 1246 de
1163 1210 1268 1251 vſuris
1284 1217 1441 1266 expreſſe
1455 1218 1583 1261 ſublata

638 1253 679 1289 in
696 1252 734 1287 R.
749 1253 776 1286 I.
796 1250 835 1286 de
849 1266 879 1287 a.
891 1256 964 1297 1600.
981 1264 1018 1302 §.
1031 1261 1069 1295 So
1083 1261 1148 1296 viel
1161 1274 1237 1299 nun.

694 1304 729 1347 §.
753 1304 818 1340 VI.
872 1304 1025 1345 Tandem
1048 1306 1114 1358 (5)
1127 1310 1326 1352 contractus
1340 1319 1396 1355 vel
1412 1319 1458 1356 eſt
1470 1332 1583 1365 verus,

641 1351 703 1398 qui
720 1352 832 1389 oritur
848 1365 894 1390 ex
910 1355 1074 1396 conſenſu
1090 1374 1186 1406 vero,
1207 1373 1321 1412 eoque
1336 1371 1390 1405 vel
1406 1371 1510 1412 verbis
1525 1376 1583 1413 de-

641 1406 795 1447 clarato,
822 1405 883 1441 vbi
904 1408 1083 1461 expreſſus;
1109 1417 1164 1450 vel
1180 1413 1303 1466 factis,
1327 1418 1386 1458 vbi
1399 1428 1518 1464 tacitus
1533 1426 1582 1463 di-

641 1462 755 1505 citur,
777 1452 847 1500 vid.
858 1455 926 1506 tit.
931 1455 977 1501 de
981 1465 1086 1504 pactis
1098 1458 1135 1507 §.
1147 1459 1235 1510 III.:
1259 1462 1327 1512 Vel
1334 1471 1387 1515 eſt
1400 1478 1503 1526 quaſi-
1515 1485 1579 1521 con-

642 1505 787 1545 tractus,
812 1508 872 1554 qui
904 1520 950 1546 ex
984 1510 1148 1553 conſenſu
1169 1516 1355 1573 præſumto,
1393 1530 1465 1573 ſiue
1483 1529 1579 1576 ficto,

638 1556 828 1601 deſcendit.
880 1564 1021 1604 Scilicet
1036 1570 1095 1604 lex
1113 1567 1301 1623 præſumit,
1316 1577 1352 1616 id
1368 1580 1436 1625 eſt,
1450 1581 1580 1621 inducit

640 1606 846 1650 conſenſum
866 1619 1014 1662 propter
1035 1619 1247 1670 æquitatem,
1270 1646 1316 1672 ne
1337 1643 1425 1677 alter
1440 1649 1518 1676 cum
1530 1639 1577 1674 al-

639 1664 750 1702 terius
775 1664 902 1702 damno
921 1668 1128 1723 locupletior
1149 1675 1226 1721 fiat,
1253 1688 1287 1726 v.
1302 1690 1338 1728 g.
1361 1693 1396 1725 in
1421 1685 1579 1734 negotio-

638 1723 720 1754 rum
740 1715 911 1766 geſtione,
938 1720 1134 1763 hereditatis
1150 1729 1328 1778 aditione,
1347 1735 1416 1778 &c.
1440 1738 1509 1775 vid.
1525 1740 1580 1775 tit.

640 1766 717 1816 Inſt.
731 1766 769 1803 de
784 1766 875 1816 oblig.
893 1781 961 1819 quæ
976 1773 1062 1823 quaſ.
1075 1790 1117 1819 ex
1129 1789 1232 1828 contr.
1283 1794 1328 1830 Et
1343 1793 1400 1829 hic
1415 1794 1516 1833 etiam
1526 1791 1579 1831 in-

638 1819 737 1865 fans,
764 1817 930 1869 furioſus,
957 1826 993 1863 &
1017 1830 1141 1880 reliqui
1164 1832 1384 1887 obligantur,
1415 1842 1475 1890 qui
1497 1844 1580 1881 alias

635 1879 706 1909 nec
721 1869 898 1922 expreſſe,
924 1887 990 1914 nec
1003 1887 1106 1924 tacite
1121 1889 1154 1928 ſe
1169 1886 1326 1936 obligare
1341 1891 1496 1941 posſunt,
1512 1890 1580 1932 vid.

622 1925 664 1970 7.
664 1927 695 1971 3.
713 1926 750 1969 §.
765 1941 797 1970 4.
820 1927 854 1967 &
868 1945 894 1976 5.
910 1932 950 1982 ff.
968 1927 1004 1978 de
1018 1937 1117 1986 negot.
1143 1943 1216 1992 geſt.
1240 1943 1315 1982 Dn.
1337 1952 1579 1988 THOMASIVS

634 1980 776 2028 iurispr.
788 1979 856 2019 diu.
869 1985 890 2019 l.
905 2000 928 2019 2.
943 1996 969 2020 c.
986 1997 1015 2031 7.
1029 1989 1062 2029 §.
1074 2000 1122 2033 24.
1127 1995 1219 2033 ſeqq.

688 2033 721 2084 §.
751 2033 833 2070 VII.
884 2033 971 2074 Hoc
1002 2049 1145 2078 quoque
1170 2042 1285 2086 adhuc
1311 2042 1581 2096 obſeruandum,

634 2080 736 2133 quod
762 2083 794 2118 in
824 2085 1055 2128 contractibus
1074 2096 1232 2145 quædam
1253 2107 1425 2145 vocentur
1440 2101 1579 2156 ſubſtan-

634 2134 751 2179 tialia,
774 2133 842 2173 ſiue
864 2136 1052 2194 eſſentialia,
1079 2154 1156 2194 quæ
1171 2148 1284 2190 adeſſe
1299 2151 1431 2202 debent,
1455 2157 1490 2196 id
1512 2155 1576 2198 eſt,

632 2195 700 2234 per
726 2182 862 2235 pactum
888 2191 1102 2229 contrarium
1129 2194 1224 2245 ſaluo
1247 2213 1428 2250 contractu
1451 2204 1576 2250 mutari

632 2247 834 2297 nequeunt,
857 2252 890 2279 v.
905 2254 939 2295 g.
963 2245 998 2283 in
1025 2250 1176 2293 emtione
1200 2266 1258 2296 res
1282 2258 1321 2297 &
1345 2263 1515 2315 pretium;
1542 2262 1577 2297 in

1499 2324 1572 2350 mu-
