1415 2255
287 210 323 253 6

569 185 864 238 RANFFTII

291 285 436 332 Accipe,
449 290 527 326 quas
538 275 645 323 ſorpſit
663 270 782 319 cupidis
807 265 872 302 hæc
889 262 1001 308 pagina
1013 257 1116 303 labris,

348 331 485 380 Accipe,
502 333 569 368 quas
580 327 741 367 nunquam
752 310 872 358 reſpuit
877 316 967 349 aura,
980 306 1117 348 preces.

306 377 431 418 Respue
444 376 520 403 vota
537 370 660 407 tamen,
679 368 734 394 tua
751 356 772 392 ſi
784 345 910 391 levitate
920 353 1051 393 papyro,

355 422 405 456 Ac
415 426 496 452 auræ
511 411 591 449 cedit
605 406 778 446 mobilitate
795 397 882 437 fides.

310 467 406 505 Sique
416 462 488 501 fuga
499 456 594 488 noſtri
605 455 723 483 nomen
733 450 745 467 ³
760 439 966 486 ſcripturaque
975 427 1135 469 noſtra

360 512 407 547 Te
420 508 514 549 fugit,
528 502 576 537 his
587 496 737 544 Sophiam
751 501 782 528 te
793 486 943 527 revocaſſe
952 482 1037 520 ſcias.

316 554 374 591 Nil
387 547 465 585 mihi
477 547 635 586 reſcribas,
645 540 713 582 ſed,
724 535 747 569 ſi
759 543 826 569 non
837 527 954 566 candor
963 527 998 559 in
1015 518 1159 558 umbram

362 591 511 644 Tranſiit,
522 606 559 630 ut
566 595 584 621 ⁴
595 590 688 627 vultu
699 595 785 623 nunc
800 577 947 619 refociller
960 583 1030 618 age.

322 643 357 677 O
370 640 491 674 utinam
507 635 628 678 fugeret
643 636 675 661 te
689 621 803 663 mentis
814 623 849 655 in
868 624 883 646 ⁵
895 625 952 651 ore
965 604 1107 649 venuſtas

367 688 417 721 Sic
427 694 488 729 ego
503 690 560 717 nec
571 672 706 714 flammis
723 677 824 707 urerer
839 675 918 712 ægra
930 662 1000 697 tuis.

325 732 361 763 O
375 730 497 761 utinam
508 725 575 755 non
587 723 663 750 mox
678 712 787 747 formis
799 712 938 750 caperere
950 694 1113 741 venuſtis,

371 779 421 814 Sic
432 785 464 811 te
475 783 533 808 nec
545 767 654 816 priſcus
673 759 842 803 deſeruiſſet
854 765 952 792 amor.

327 821 431 862 Dure,
440 814 518 862 quid
533 808 652 859 injuſti,
663 805 730 847 dic,
742 814 800 840 nos
815 795 1027 837 commiſimus
1039 791 1074 826 in
1093 795 1137 832 te,

373 867 490 905 Noſtra
501 871 538 897 ut
549 866 697 906 cogamur
706 848 887 890 dexteritate
898 845 1009 883 mori?

330 912 416 958 Ignis
426 908 513 943 enim
525 900 690 949 quondam
701 896 758 944 qui
774 891 884 932 molles
892 893 908 914 ⁶
923 886 1032 925 nutriit
1045 884 1139 924 artus,

377 955 477 991 Nunc
485 960 499 982 ⁷
512 948 593 993 rapit
603 944 643 980 ad
655 942 760 979 dirum
776 935 916 975 membra
934 928 1037 968 reliƈta
1055 931 1175 968 rogum.

335 1000 447 1041 Exulet
457 994 534 1033 heu!
547 999 649 1029 tecum
661 984 821 1033 quondam
833 985 975 1027 percepta
987 970 1176 1016 voluptas,

383 1043 496 1082 Lætior
508 1048 545 1074 ut
556 1034 667 1084 posſim
681 1031 785 1070 fallere
801 1026 894 1066 noƈte
910 1029 1026 1059 moras.

339 1088 400 1129 Aſt
410 1085 482 1132 quia
492 1084 545 1120 tu⁸
556 1075 667 1117 noſtris
677 1072 787 1117 hæres,
793 1067 946 1112 ſcelerate,
973 1056 1129 1107 medullis,

387 1135 448 1173 Res
461 1132 504 1170 eſt
515 1125 636 1167 ſolliciti
648 1121 739 1167 plena
762 1110 877 1158 doloris
895 1109 986 1152 amor.

343 1177 434 1222 Quid
444 1175 532 1219 juvat
543 1166 669 1214 incepto
681 1172 740 1199 nos
752 1153 914 1197 incendiſſe
923 1151 1065 1192 remiſſo?

388 1223 488 1258 Grata
499 1216 549 1251 ſua
561 1212 658 1250 finem
666 1218 681 1240 ⁹
697 1204 791 1244 neſcit
803 1204 838 1240 in
851 1208 915 1239 arte
927 1195 1045 1235 Venus.

346 1268 421 1307 Nos
431 1273 507 1301 vero
520 1260 593 1298 caſti
606 1256 699 1294 finem
721 1248 867 1288 ſentimus
880 1241 1012 1284 amoris,

394 1310 502 1354 Quem
514 1303 645 1340 minime
658 1296 798 1336 noſtrum
808 1290 858 1330 ſed
873 1300 929 1326 cor
939 1282 1073 1322 amantis
1081 1283 1178 1319 amat.

350 1355 531 1404 Deprecor,
541 1348 593 1386 hic
605 1345 712 1383 titulus
724 1352 755 1379 te
765 1349 832 1377 non
841 1332 988 1375 offendat
1000 1325 1189 1370 amantis,

383 1397 484 1436 Nam
494 1395 536 1431 de
547 1389 701 1436 præterito
710 1382 856 1429 tempore
863 1375 968 1421 lingua
977 1372 1073 1408 canit.

354 1443 423 1475 Vos
432 1442 488 1479 ubi
500 1439 586 1481 nunc
598 1438 706 1469 noƈtes
717 1420 878 1465 quondam
896 1412 1043 1450 brevitate
1052 1401 1183 1444 doloſæ!

400 1486 486 1519 Cum
499 1485 554 1514 tua
569 1473 742 1520 colligeret,
759 1462 892 1511 perfide,
913 1459 1054 1496 membra
1070 1451 1162 1489 ſinus.

1177 350 1205 380 5

1170 575 1214 602 10

1179 793 1223 827 15

1188 1020 1233 1045 20

1198 1240 1244 1274 25

1193 1451 1251 1492 30

392 1562 409 1591 ³
417 1553 541 1583 Charaƈter
553 1544 676 1575 ſcribentis
688 1545 816 1571 externus,
825 1542 877 1569 quo
886 1532 943 1567 quis
959 1529 1029 1558 facile
1043 1523 1150 1562 dignoſci
1165 1519 1254 1558 poteſt,

357 1601 434 1622 germ.
446 1591 484 1615 die
493 1585 578 1615 Hand,
583 1581 615 1614 ſo
625 1586 678 1606 man
682 1574 806 1609 ſchreibet.
835 1576 850 1595 ⁴
849 1565 981 1606 Præſentia
993 1570 1048 1592 tua,
1059 1567 1115 1587 nam
1125 1558 1207 1587 vultus
1218 1555 1253 1582 eſt

357 1622 432 1653 facies
442 1621 527 1656 capitis
538 1612 641 1644 adverſa.
663 1613 685 1633 ⁵
691 1609 778 1638 Itidem
789 1613 840 1633 tota
851 1607 947 1630 externa
955 1596 1027 1624 facies
1037 1593 1088 1623 eſt,
1097 1593 1147 1625 qua
1147 1592 1179 1622 de
1186 1586 1254 1616 cauſa

359 1660 430 1689 æque
444 1659 472 1676 ac
486 1651 570 1676 vultus
587 1644 660 1674 nobis
676 1641 710 1667 eſt
722 1639 794 1667 index
807 1633 911 1664 mentis,
926 1631 983 1661 vel,
997 1636 1027 1655 ut
1038 1623 1151 1654 Ciceroni
1160 1618 1259 1651 dicitur,

361 1689 450 1711 tacitus
454 1684 534 1714 ſermo
543 1679 640 1707 mentis,
653 1675 681 1697 it.
698 1674 772 1703 imago
782 1666 862 1694 animi.
903 1663 915 1681 ⁶
922 1662 1000 1689 Amor
1010 1657 1077 1684 enim
1093 1647 1259 1685 deleƈtationis

360 1721 377 1745 &
391 1716 502 1743 utilitatis
514 1718 570 1744 ergo
581 1706 675 1735 homini
687 1700 846 1737 implantatus
852 1697 894 1724 eſt.
940 1700 951 1718 ⁷
959 1695 1038 1720 Amor
1053 1686 1151 1716 deſtruit
1161 1687 1259 1718 corpus,

361 1749 379 1776 fi
392 1754 442 1773 non
454 1745 541 1773 habet,
553 1742 578 1766 in
589 1744 640 1771 quo
652 1735 801 1766 terminetur,
813 1727 941 1762 objeƈtum.
971 1728 986 1742 ⁸
992 1718 1118 1750 Omiſſa
1086 1715 1123 1750 eſt
1124 1712 1261 1752 præpoſitio

361 1782 403 1806 in,
414 1781 459 1807 pro
468 1779 536 1799 more
547 1771 685 1799 Poëtarum,
704 1766 807 1789 maxime
818 1759 884 1791 quod
900 1754 1009 1789 quietem
1020 1747 1144 1782 ſignificat.
1170 1746 1188 1771 ⁹
1184 1742 1261 1770 Non

363 1810 495 1841 repugnat,
505 1807 612 1836 amorem
623 1801 684 1832 ſæpe
693 1796 761 1827 brevi
769 1795 795 1819 in
806 1792 911 1819 furorem
922 1784 1037 1815 deſinere,
1048 1781 1072 1806 id
1078 1779 1145 1815 quod
1155 1777 1263 1803 tantum-

363 1841 441 1866 modo
458 1834 547 1869 impuri
568 1832 657 1856 amoris
669 1829 718 1857 eſt,
740 1827 816 1858 purus
833 1821 915 1846 autem
935 1819 1010 1850 atque
1023 1810 1137 1839 modicus
1149 1811 1218 1831 amor
1233 1802 1264 1829 ad

364 1876 473 1908 mortem
475 1876 559 1901 usque
568 1871 653 1894 durat.

1125 1867 1262 1905 Verbera
