1660 2302
221 459 341 489 Proceras
358 451 467 487 ſpolient
484 449 592 483 Moros,
611 444 761 484 proviſaque
780 444 883 474 ſervent

189 504 243 530 Sub
260 499 332 527 tectis
351 494 492 527 alimenta,
515 491 616 525 nigram
630 490 690 517 cum
704 486 803 516 denſior
818 495 860 514 aër

191 546 297 578 Cogitur
311 541 339 566 in
354 537 469 571 nubem,
490 531 641 569 pluvioſque
658 530 787 566 recolligit
805 530 908 558 imbres.

193 585 288 617 Sedula
304 582 456 613 Bombicum
469 580 553 608 cuſtos
568 581 725 611 operumque
744 572 863 607 magiſtra

190 628 309 659 Frondea
327 632 382 659 quæ
396 621 487 652 ſaturis
504 615 630 655 diſpenſas
643 615 739 651 pabula
761 613 871 648 menſis,

191 671 347 707 Thysbæam
366 674 399 693 ne
414 671 489 699 carpe
506 668 626 691 comam,
646 659 665 686 ſi
680 656 747 687 fortè
768 655 898 688 madebit;

193 718 242 746 Vel
259 714 393 744 matutinis
412 709 531 746 palleſcet
542 705 630 735 aduſta
645 703 763 738 pruinis:

195 761 247 786 Sed
261 760 351 784 ſiccam
364 756 524 785 viridemque
547 746 596 774 aliâ
608 744 699 780 procul
713 744 803 771 arbore
818 738 937 771 frondem

194 808 266 832 Dum
281 804 398 837 repetas;
418 799 477 826 Suis
494 796 600 829 exiguas
616 793 647 819 de
662 793 763 828 tergore
777 793 862 824 partes

195 851 251 876 Ure
268 850 343 874 foco;
362 840 504 876 pinguique
517 838 576 867 leva
589 835 689 869 jejunia
705 835 797 867 fumo,

197 892 306 921 Occultè
320 886 467 919 medicans,
487 884 514 912 &
529 881 620 911 nubila
639 880 707 908 teƈta
726 884 862 912 vaporans.

232 934 332 967 Projice
348 931 366 957 ſi
381 936 432 962 qua
446 926 532 959 jacent
546 923 668 954 defunƈta
682 921 821 953 cadavera;
840 918 973 954 diramque

199 973 346 1007 Anteveni,
365 970 495 999 thalamos
517 970 620 997 mutans
639 967 665 993 &
679 962 814 998 ſtramina,
833 958 939 990 cladem.

199 1016 319 1052 Arroſam
337 1016 439 1052 quoties
454 1011 574 1043 frondem
587 1009 736 1046 dejectaque
750 1007 838 1036 mittes

199 1065 374 1101 Purgamenta
388 1058 459 1094 ſolo;
481 1058 591 1089 viridem
614 1052 768 1093 ſuperinjice
788 1051 914 1082 Morum:

201 1112 231 1141 Si
245 1110 303 1145 quis
320 1108 390 1137 enim
409 1104 505 1136 folium
518 1103 620 1135 Vermis
633 1101 698 1130 latet
710 1099 778 1130 inter
795 1094 921 1132 adeſum,

201 1152 322 1190 Emergit
334 1148 482 1181 ſtimulante
495 1145 585 1181 fame;
605 1144 764 1180 Morumque
790 1143 921 1169 recentem

204 1196 334 1234 Occupat;
355 1197 382 1225 &
400 1193 493 1223 menſis
509 1200 570 1222 cum
589 1188 682 1218 fronde
709 1186 844 1223 reponitur
861 1183 930 1212 altis.

205 1242 292 1278 Atque
304 1240 351 1270 ubì
362 1240 413 1272 jam
422 1238 526 1269 brevior
532 1237 606 1266 locus
616 1234 662 1268 eſt,
671 1233 847 1268 populumque
856 1226 1021 1262 frequentem

205 1291 260 1320 Vix
275 1287 359 1322 capit;
379 1288 407 1313 in
421 1284 507 1313 varias
522 1284 584 1313 hinc
599 1280 673 1309 illinc
686 1282 742 1307 tota
758 1275 876 1306 cohortes

206 1331 278 1361 Gens
295 1327 429 1365 habitet:
436 1325 551 1361 primum
571 1322 617 1358 qui
631 1320 749 1350 devicere
765 1319 881 1352 ſoporem

207 1374 345 1407 Bombices
362 1371 422 1400 aliis
435 1368 578 1403 thalamis,
595 1364 703 1401 aliiſque
719 1362 872 1392 recumbant

211 1417 283 1451 Quos
300 1416 394 1444 iterum
414 1412 510 1446 premit
530 1412 582 1439 alta
599 1409 692 1442 quies:
711 1414 775 1441 quos
791 1404 900 1432 ultimus
913 1404 989 1435 urget

211 1455 344 1484 Somnus,
362 1453 395 1478 ad
413 1452 542 1477 extremas
555 1450 645 1480 epulas
662 1451 820 1479 operumque
834 1444 949 1468 laborem

210 1492 328 1525 Invitans
345 1489 438 1519 reſides
455 1489 525 1516 inter
540 1487 668 1514 ſarmenta
682 1486 805 1518 locabis;

209 1536 293 1572 Queis
314 1532 393 1563 ſaturi
408 1531 534 1565 adrepant
548 1531 575 1556 &
590 1528 635 1555 fila
647 1525 763 1558 ſequacia
775 1525 880 1551 ducant.

246 1577 342 1606 Cætera
355 1573 417 1601 dum
434 1572 503 1600 vires
515 1572 637 1604 reparant
649 1566 790 1599 animalia,
808 1564 911 1592 noƈtem

211 1617 384 1653 Somniferam
396 1614 509 1646 Bombix
525 1614 608 1643 oculis
625 1618 679 1639 non
695 1609 789 1644 accipit
805 1615 884 1636 unus.

212 1667 274 1698 Vita
287 1661 374 1693 brevis
390 1662 480 1695 quater
497 1656 621 1692 ignavum
643 1662 689 1689 per
714 1651 830 1682 membra
849 1648 964 1685 ſoporem

214 1711 330 1745 Irrigat:
351 1704 435 1736 ereƈtâ
453 1701 567 1738 placidus
584 1699 685 1730 cervice
699 1695 824 1734 quieſcit,

215 1749 393 1788 Immotuſque
413 1748 519 1778 manet,
536 1742 618 1771 donec
634 1741 682 1768 lux
697 1740 775 1770 tertia
791 1737 900 1773 longum

217 1798 343 1826 Excutiat
361 1789 466 1822 tandem
482 1787 556 1823 pigro
578 1786 610 1813 de
637 1791 742 1819 corpore
767 1781 910 1818 ſomnum;

218 1838 385 1877 Evigiletque
400 1834 511 1864 famem:
530 1831 607 1861 vacui
626 1827 725 1862 jejunia
739 1827 839 1857 ventris

219 1887 298 1915 Sedat
316 1882 363 1912 ubi
375 1876 505 1911 Bombix,
532 1872 645 1904 tabulata
663 1880 709 1907 per
724 1871 812 1901 omnia
827 1867 893 1898 lenis

1041 449 1123 477 BOM⸗

1008 489 1101 512 BICES.
