2349 2889
911 591 978 623 tur,
996 585 1117 633 quippe
1139 586 1194 633 qui
1207 586 1275 621 Lib.
1289 587 1376 624 XIII.
1391 599 1418 622 c.
1430 596 1479 621 10.
1533 588 1667 622 tentiam
1680 583 1841 635 Vlpianus
1853 585 1887 619 in
1899 583 1935 618 L.
1946 593 1993 628 50.
2008 585 2042 619 &
2054 596 2098 630 52.

912 637 1074 674 Labeonis
1113 637 1340 675 Pofteriorum
1383 636 1481 673 libros
1533 639 1600 686 §.8.
1620 638 1663 675 D.
1694 636 1736 674 de
1755 635 1833 675 furt,
1863 633 1888 671 ſi
1912 634 2098 673 conferatur

912 687 990 739 poſt
1005 688 1100 724 huius
1121 695 1268 729 mortem
1282 686 1389 726 editos
1404 686 1480 730 eſſe,
1531 701 1609 723 cum
1638 678 1674 724 L.
1692 696 1742 733 50.
1771 686 1805 723 &
1829 695 1873 735 52.
1907 689 1937 727 §.
1953 697 1998 732 11.
2021 685 2097 727 eod.

913 732 1056 783 teſtatur.
1105 733 1147 787 d)
1173 732 1273 777 Cuius
1291 736 1390 777 etiam
1408 733 1479 784 ſen-
1527 736 1639 783 refert.

1435 830 1593 872 XXIV.

720 893 856 944 Vlpianus

721 951 893 976 utramque

727 976 894 1015 diuerſarum

723 1016 878 1047 ſcholarum

724 1063 853 1095 probauit

725 1089 897 1130 ſenientiam.

1032 914 1170 951 Simili
1211 913 1373 951 ratione
1406 906 1662 952 VLPIANVS
1701 908 1862 946 medius
1900 896 2004 955 fuit,
2050 906 2099 951 vt

920 963 1139 1012 vtramque
1152 957 1351 1008 probaret
1368 956 1634 1004 ſententiam
1664 952 1709 997 in
1723 955 1972 1011 quaeſtione,
1989 955 2099 998 inter

920 1003 1099 1036 diuerſas
1116 1002 1316 1048 ICtorum
1334 997 1491 1033 ſcholas
1510 1005 1684 1045 agitata:
1719 1006 1784 1048 Re
1802 1008 1950 1049 mortis
1966 1005 2097 1058 cauſſa

920 1058 1096 1107 donata,
1124 1058 1162 1098 &
1177 1055 1233 1099 ſic
1247 1056 1415 1105 tradita,
1441 1067 1487 1099 vt
1502 1055 1584 1099 iam
1600 1070 1713 1099 nunc
1725 1056 1921 1107 haberet,
1940 1057 2004 1111 cui
2020 1060 2097 1099 do-

919 1129 1064 1162 natum
1081 1114 1150 1169 eſt,
1167 1114 1199 1161 ſi
1225 1111 1404 1173 exiſteret
1434 1113 1563 1179 caſus,
1570 1127 1656 1173 quo
1675 1125 1955 1167 reuocaretur,
1969 1124 2099 1175 quae-

918 1191 1017 1222 nam
1048 1176 1243 1223 donatori
1272 1176 1322 1222 ad
1363 1176 1641 1221 reuocandam
1677 1176 1952 1222 donationem
1990 1177 2099 1222 aƈtio

917 1244 1211 1297 competeret?
1270 1241 1385 1286 Cum
1410 1241 1522 1284 enim
1540 1240 1716 1286 Caſſiani
1739 1254 1827 1284 non
1847 1240 2098 1288 dubitarent,

917 1295 1019 1355 quin
1045 1297 1226 1342 donator
1246 1296 1360 1341 illam
1387 1297 1655 1341 condiƈtione
1673 1296 1802 1342 cauſſa
1820 1296 1935 1347 data,
1966 1291 2103 1342 cauſſa

916 1366 1008 1396 non
1023 1349 1159 1395 ſecuta
1176 1362 1362 1409 repetere
1390 1351 1513 1409 poſſit
1529 1352 1575 1396 L.
1584 1364 1708 1395 xxxv.
1725 1356 1760 1402 §.
1768 1349 1808 1415 3.
1823 1352 1877 1396 D.
1896 1354 1940 1395 de
1959 1360 2096 1394 Donat.

917 1419 1026 1451 mort.
1045 1405 1153 1462 cauſſ.
1187 1420 1293 1464 quos
1327 1407 1454 1450 etiam
1490 1419 1779 1451 AFRICANVS
1808 1408 1852 1451 in
1897 1407 1932 1455 L.
1951 1420 2094 1451 XXIII.

917 1468 1013 1512 eod.
1049 1470 1088 1512 &
1113 1479 1337 1510 PAVLLVS
1359 1465 1404 1509 in
1427 1466 1475 1516 L.
1499 1479 1644 1509 xxxv.
1675 1472 1754 1521 §.3.
1773 1465 1841 1510 cit.
1860 1463 2020 1524 ſequuti
2037 1465 2098 1510 vi-

919 1524 1090 1569 dentur:
1129 1522 1391 1571 Proculeiani
1419 1534 1566 1566 contra
1590 1523 1797 1568 eiusmodi
1821 1524 2097 1568 donationem

918 1593 1000 1638 pro
1019 1579 1156 1637 legato
1171 1580 1395 1629 haberent,
1429 1580 1547 1623 cuius
1571 1579 1809 1625 dominium,
1858 1580 1934 1625 niſi
1958 1591 2100 1625 morte

917 1635 1125 1689 donantis,
1143 1634 1189 1679 in
1206 1635 1470 1688 donatarium
1486 1649 1576 1681 non
1592 1632 1894 1687 transferretur,
1906 1632 2095 1695 adeoque

919 1687 1117 1734 donatori
1143 1691 1186 1734 in
1206 1703 1295 1734 rem
1322 1690 1533 1736 aƈtionem
1557 1688 1725 1737 darent,
1760 1702 1958 1746 quorum
1969 1690 2098 1732 etiam

918 1746 1163 1797 ſententiam
1187 1740 1355 1793 defendi
1373 1745 1540 1803 poſſe,
1553 1758 1814 1793 VLPIANVS
1813 1750 1880 1791 in
1901 1749 1949 1807 L.
1964 1759 2096 1792 XXIX.

916 1804 1011 1854 eod.
1028 1804 1154 1857 dixit;
1198 1805 1311 1850 idem
1333 1817 1588 1848 VLPIANVS
1608 1807 1652 1848 in
1667 1805 1716 1848 L.
1733 1817 1843 1848 XXX.
1859 1805 1954 1849 eod.
1973 1817 2095 1849 more

916 1864 1282 1915 Erciſcundorum,
1309 1862 1515 1924 vtramque
1535 1858 1733 1925 probauit
1755 1862 2019 1913 ſententiam,
2045 1865 2097 1914 &,

916 1918 1167 1964 concurrere
1183 1919 1255 1966 hic
1272 1918 1587 1965 condiƈtionem
1598 1921 1635 1965 &
1645 1918 1790 1965 vtilem
1809 1921 1852 1964 in
1871 1918 1958 1963 rem
1970 1921 2098 1967 aƈtio-

918 1982 1032 2027 nem;
1047 1976 1186 2021 ſtatuit
1201 1980 1262 2027 a).
1317 1975 1449 2021 Aliud
1463 1965 1721 2033 exemplum,
1721 1975 1834 2033 quo
1842 1976 2097 2024 VLPIANVS

923 2028 983 2073 ita
1004 2029 1189 2074 medium
1216 2029 1256 2079 ſe
1282 2028 1426 2082 geſſit,
1464 2037 1511 2075 vt
1542 2049 1759 2082 vtramque
1785 2035 1987 2078 probaret
2011 2032 2097 2082 ſen-

921 2094 1108 2146 tentiam,
1120 2094 1165 2140 in
1188 2095 1363 2144 L.XIIX.
1382 2094 1436 2140 D.
1462 2096 1507 2143 de
1522 2094 1642 2139 hered.
1651 2086 1759 2150 petit.
1777 2092 1973 2156 occurrit.

978 2175 1016 2219 a)
1048 2171 1150 2211 Conf.
1182 2184 1356 2212 GOTTFR.
1382 2176 1485 2209 MAS-
1519 2173 1601 2222 cap.
1617 2181 1645 2215 8.
1668 2179 1694 2212 §.
1703 2182 1776 2220 12.
1782 2180 1818 2210 &
1838 2192 2091 2221 BALTHASAR

920 2235 1012 2261 cov.
1029 2228 1064 2263 in
1079 2223 1196 2264 diſſert.
1218 2224 1259 2263 de
1278 2227 1378 2265 Seƈtis
1392 2225 1480 2264 Sabi-
1530 2239 1737 2269 BRANCHV
1758 2232 1793 2261 in
1809 2230 1970 2274 obſeruat.
1980 2232 2021 2262 ad
2039 2232 2094 2265 Ius

921 2258 1014 2315 nian.
1037 2269 1056 2318 &
1080 2269 1323 2307 Proculeianor.
1350 2277 1388 2305 in
1409 2277 1481 2306 iure
1530 2281 1674 2315 Roman.
1699 2289 1769 2312 cap.
1780 2285 1828 2331 4.
