2486 2954
245 604 352 658 nach
352 604 467 658 ihrer
477 600 763 658 Gelegenheit,
788 601 964 649 darinne
976 599 1041 646 bis
1052 599 1109 653 zu
1109 599 1244 655 ihrem
1256 597 1446 653 ehelichen
1458 598 1545 646 Be⸗

247 663 367 715 rath,
379 663 476 710 oder
487 663 538 708 da
548 662 597 713 ſie
606 662 676 712 ſich
687 661 792 712 nicht
802 659 990 712 befreyen
998 656 1167 707 wuͤrde,
1179 659 1245 705 bis
1258 657 1311 714 zu
1311 657 1450 713 ihrem
1460 657 1543 704 Ab⸗

245 721 402 775 ſterben
415 719 557 773 ehrlich
571 718 756 770 erhalten
768 718 914 764 koͤnne.
974 718 1121 765 Wenn
1135 715 1183 771 ſie
1194 715 1264 770 ſich
1282 716 1378 763 aber
1397 714 1545 768 befrey⸗

249 785 313 829 et,
324 779 418 825 oder
427 774 680 825 verſtorben,
690 777 727 824 ſo
741 774 814 827 ſoll
814 774 934 827 ſolche
943 773 1186 827 Wohnung
1199 773 1279 820 mit
1292 774 1365 819 den
1373 770 1544 827 Hoͤffen,

248 836 392 886 Acker,
415 832 606 885 Wieſen,
622 833 804 881 Weiden
815 831 909 881 und
918 829 1097 892 andern,
1118 820 1175 878 an
1187 831 1246 878 die
1257 829 1443 881 Vettern
1453 827 1547 877 wie⸗

246 893 392 932 derum
411 890 603 932 kommen
615 889 706 937 und
706 888 848 944 fallen.

361 943 396 1000 §.
433 943 506 988 IV.
576 940 669 985 Cum
697 940 807 990 vero
835 939 953 992 Menſ.
975 940 1080 993 Aug.
1101 942 1188 990 1706.
1218 936 1271 980 ad
1303 934 1545 981 facultatem

246 1000 431 1046 noſtram
445 997 554 1050 acta,
582 995 722 1052 plures
739 996 1009 1053 quæſtiones,
1035 996 1144 1038 hanc
1163 992 1458 1038 ſucceſſionem
1476 1006 1545 1039 no-

247 1056 400 1101 bilium
409 1057 451 1098 in
462 1055 628 1098 Ducatu
639 1052 849 1098 Bremenſi
864 1053 1131 1104 illuſtrantes,
1147 1050 1223 1092 ſub
1234 1061 1411 1092 examen
1427 1060 1547 1092 revo-

248 1113 403 1162 cantia,
428 1110 828 1162 transmitterentur,
854 1108 911 1150 ita
919 1108 1315 1163 pronunciavimus:

361 1162 421 1209 Jn
431 1160 581 1209 Sachen
590 1160 833 1208 Hauptmann
840 1158 1025 1206 Barthold
1042 1158 1264 1199 Brummers
1287 1162 1437 1203 Klaͤgers
1447 1163 1555 1197 Wie⸗

250 1224 486 1273 derbeklagten
506 1232 552 1262 an
570 1222 697 1263 einem,
723 1220 944 1261 Lieutenant
957 1220 1104 1270 Gotreff
1107 1219 1286 1268 Dieterich
1304 1218 1461 1270 Plathen
1477 1217 1557 1266 Be⸗

251 1273 388 1323 klagten
404 1277 475 1315 und
485 1262 774 1321 Wiederklaͤgern
793 1281 854 1312 am
869 1272 1001 1311 andern
1011 1269 1114 1317 Theil
1127 1269 1288 1311 erkennen
1297 1268 1398 1319 Jhro
1409 1265 1555 1316 Koͤnigl.

251 1329 352 1376 Maj.
369 1338 407 1375 zu
422 1328 627 1375 Schweden
640 1327 677 1369 in
692 1330 798 1368 denen
814 1321 1123 1375 Hertzogthuͤmern
1137 1324 1298 1368 Bremen
1314 1328 1385 1365 und
1403 1323 1556 1367 Verden

251 1384 328 1428 zum
337 1375 557 1429 Hofgerichte
565 1381 785 1420 verordneter
793 1375 992 1425 Director,
1009 1373 1311 1418 Vice - Director
1319 1377 1389 1416 und
1404 1372 1558 1414 Aſſeſſo-

253 1440 343 1476 res,
382 1427 450 1479 auf
475 1426 695 1480 eingeholten
718 1427 813 1478 Rath
840 1426 1071 1476 auswertiger
1093 1425 1464 1473 Rechts ⸗ Gelehrten
1490 1432 1556 1465 vor

254 1484 389 1532 Recht,
416 1483 486 1532 daß
502 1482 628 1532 quoad
636 1480 827 1533 punctum
842 1480 1106 1522 conventionis
1122 1478 1226 1525 Bekl.
1236 1488 1305 1521 von
1320 1481 1379 1521 der
1388 1476 1505 1527 Klage
1519 1484 1557 1524 zu

256 1534 437 1576 entbinden
452 1536 523 1574 und
542 1543 579 1581 zu
594 1532 798 1574 abſolviren
812 1530 882 1581 ſey:
910 1532 975 1573 wie
983 1530 1047 1572 wir
1056 1530 1112 1577 ihn
1120 1532 1207 1572 denn
1220 1523 1349 1576 hiermit
1373 1530 1467 1569 davon
1486 1531 1557 1568 ent⸗

255 1587 380 1627 binden
389 1588 459 1626 und
467 1581 693 1629 abſolviren,
714 1578 841 1629 quoad
850 1578 1185 1620 reconventionem
1195 1577 1298 1630 aber,
1314 1579 1383 1628 daß
1391 1576 1557 1623 Wieder⸗

253 1637 454 1687 Beklagter
468 1645 562 1686 zwar
571 1637 628 1679 als
637 1635 847 1684 Mit⸗Erbe,
876 1636 911 1684 ſo
927 1635 990 1676 viel
1009 1634 1055 1675 die
1059 1633 1249 1683 Corſiſchen
1259 1637 1329 1675 und
1339 1635 1464 1673 andere
1478 1641 1557 1673 neu⸗

255 1689 450 1731 erworbene
471 1684 617 1733 Guͤther
630 1685 727 1732 betrl.
743 1683 777 1736 zu
794 1683 1016 1733 declariren,
1038 1684 1119 1729 doch
1135 1685 1245 1731 dabey
1267 1681 1410 1732 ſchuldig
1425 1680 1499 1731 ſey,
1496 1681 1557 1732 die

253 1739 534 1787 Drochterſchen
546 1736 709 1786 Guͤther,
722 1738 756 1784 ſo
764 1737 844 1776 weit
858 1736 900 1782 ſie
914 1737 981 1781 auf
987 1740 1053 1776 den
1069 1735 1269 1783 Erblaſſern
1283 1734 1453 1781 vererbet,
1476 1736 1557 1773 oder

255 1801 325 1833 von
345 1792 405 1832 der
419 1789 650 1839 Schwertſeit
662 1784 887 1836 anerkaufft,
913 1784 1204 1835 Wiederklaͤgern
1220 1783 1416 1832 abzutreten
1429 1786 1502 1824 und
1517 1792 1555 1830 zu

256 1842 479 1893 reſtituiren,
506 1841 569 1883 wie
584 1841 648 1884 wir
664 1839 720 1891 ihn
736 1838 832 1885 denn
832 1838 948 1889 hierzu
970 1837 1111 1891 ſchuldig
1135 1837 1316 1888 erkennen,
1344 1838 1414 1879 und
1441 1836 1557 1879 bleibet

255 1897 328 1936 das
337 1890 476 1941 uͤbrige,
496 1891 530 1940 ſo
546 1897 639 1933 etwa
648 1893 706 1935 der
722 1889 900 1942 Erblaſſer
913 1891 1020 1933 denen
1038 1887 1286 1929 Creditoribus
1302 1888 1447 1926 ratione
1456 1885 1557 1934 itztge⸗

257 1939 399 1984 meldter
410 1934 694 1991 Drochteriſchen
718 1940 870 1985 Guͤther,
884 1935 1050 1985 bezahlet,
1063 1940 1133 1975 und
1147 1936 1219 1983 alſo
1234 1939 1348 1975 davon
1357 1935 1389 1985 in
1397 1932 1557 1977 ſolutum

256 2006 532 2047 angenommen,
542 2000 620 2039 dem
628 1999 780 2048 Wieder
786 1998 988 2045 Beklagten
997 1995 1086 2044 billig
1097 1996 1212 2038 bevor.
1232 1996 1292 2041 B.
1302 1996 1354 2041 R.
1364 1995 1437 2040 W.

696 2081 875 2123 Rationes
902 2078 1123 2123 Decidendi.

362 2139 421 2186 Es
435 2137 540 2191 geben
553 2138 606 2181 die
627 2137 661 2180 in
675 2139 776 2188 dieſer
789 2135 921 2190 Sache
937 2144 1128 2185 ergangene
1145 2133 1259 2185 Acta,
1281 2134 1350 2185 daß
1359 2133 1561 2181 vornemlich

260 2199 342 2245 drey
359 2196 500 2246 Fragen
515 2195 585 2243 ſind
600 2194 769 2244 geſtritten
784 2197 937 2242 worden:
965 2185 1016 2243 (I)
1038 2192 1104 2236 Ob
1126 2197 1199 2236 das
1218 2194 1324 2243 Guth
1347 2191 1562 2241 Dornbuſch

260 2252 313 2294 ein
329 2247 793 2296 Erb⸗und Stamm⸗Guth
818 2248 894 2296 ſey?
917 2246 973 2298 (2)
990 2246 1057 2290 Ob
1075 2246 1125 2288 ein
1142 2242 1456 2291 Stamm⸗Vetter
1477 2242 1562 2292 nach

258 2304 336 2343 dem
355 2292 595 2349 Ritter⸗Recht
614 2302 666 2342 des
681 2294 852 2338 defuncti
867 2296 996 2337 matris
1011 2295 1165 2336 fratrem
1184 2294 1374 2335 uterinum
1389 2296 1481 2340 gantz
1498 2304 1561 2332 ex⸗

258 2356 426 2405 cludire?
446 2351 500 2412 (3)
527 2353 573 2405 Ob
594 2358 648 2403 die
653 2353 932 2409 Drochterſchen
947 2350 1090 2406 Guͤther
1110 2352 1175 2399 mit
1187 2360 1289 2401 unter
1308 2354 1358 2398 die
1380 2353 1471 2393 Erb
1488 2355 1560 2395 und

1563 936 1708 985 llluſtratio
1725 941 1788 982 juris

1563 995 1727 1030 Bremenſis.
