2935 3895
276 1245 327 1279 (a)L.
332 1240 389 1272 Juris
394 1250 439 1276 gen-

273 1281 323 1312 tium.
328 1283 374 1313 7.§.
384 1281 426 1310 fin.

275 1314 323 1339 ff.de
335 1315 393 1338 pactis
395 1315 442 1340 l.2.

275 1348 308 1373 tit.
311 1350 341 1382 24.

282 2079 346 2113 (b)L.
352 2085 398 2111 Cum
407 2083 460 2114 ſoli

282 2117 310 2144 to.
312 2118 353 2147 fin.
358 2113 415 2143 Cod.
415 2117 460 2143 qui

277 2145 337 2172 bonis
344 2151 421 2172 cedere

283 2184 376 2212 poſſunt.

464 353 561 417 501
618 330 814 405 Ceſſio
829 331 1156 399 Bonorum.

626 434 883 492 CASUS
943 399 1050 490 IX.

564 535 681 580 Ariſto,
690 537 796 572 celebri
804 537 992 574 Mercatore,
1006 531 1114 566 debitis
1127 539 1192 575 gra-

468 587 638 627 vatiſſimo,
651 582 815 628 defuncto,
830 583 989 618 Gilbertus
1011 584 1074 625 ejus
1098 579 1195 614 hæres

469 631 537 667 vult
561 630 719 678 tranſigere
742 641 813 663 cum
831 625 1031 663 creditoribus
1048 619 1193 670 defuncti.

469 682 586 727 Viginti
600 679 766 714 creditores
772 679 935 712 remittunt
944 677 1062 709 tertiam
1078 683 1194 717 partem

469 728 580 767 debiti,
592 736 629 758 eo
639 726 724 770 quod
732 726 814 759 bona
824 721 961 758 derelicta
971 734 1034 757 non
1049 719 1196 755 ſufficiant

468 777 505 809 ad
518 776 638 819 plenam
652 774 847 809 ſolutionem.
918 769 1065 816 Quinque
1076 768 1121 802 alii
1135 779 1197 802 cre-

469 821 584 855 ditores
619 826 743 852 econtra
767 818 895 862 exigunt
926 817 1047 858 plenam
1071 812 1197 848 ſolutio-

468 880 550 902 nem.
616 868 666 901 An
688 869 727 902 ad
748 865 826 901 hanc
842 863 1000 911 Gilbertus
1020 870 1140 897 tenetur
1164 863 1195 894 in

467 913 672 954 conſcientia?

668 1007 1007 1052 RESPONSIO.

562 1100 722 1138 Gilbertus
743 1100 858 1143 poterit
873 1093 1001 1132 inſiſtere
1014 1093 1097 1140 Juri,
1112 1091 1199 1138 quod

470 1148 558 1187 dicit,
570 1148 725 1181 minorem
734 1143 920 1179 creditorum
931 1149 1048 1186 partem
1059 1138 1139 1185 ſequi
1149 1140 1200 1172 de-

470 1197 541 1231 bere
556 1196 704 1237 majorem,
733 1190 755 1226 ſi
769 1193 869 1237 major
877 1189 967 1225 faciat
980 1189 1109 1232 aliquam
1119 1189 1200 1222 debi-

473 1246 497 1279 ti
511 1241 726 1277 remiſſionem.
772 1239 836 1273 Lex
844 1238 937 1274 dicit:
951 1239 999 1278 (a)
1020 1238 1051 1271 Si
1065 1246 1203 1269 convene-

474 1291 536 1320 rint
546 1289 576 1318 in
588 1295 679 1317 unum
692 1280 909 1326 (creditores)
929 1283 966 1318 &
978 1283 1123 1311 communi
1137 1288 1202 1309 con-

468 1333 554 1378 ſenſu
568 1329 781 1364 declaraverint
793 1326 880 1372 quotâ
890 1335 973 1372 parte
989 1323 1078 1360 debiti
1090 1334 1205 1357 conten-

475 1386 503 1414 ti
507 1381 578 1421 ſint.
648 1381 681 1413 Si
700 1375 769 1412 verò
780 1374 963 1420 diſſentiant,
982 1383 1055 1406 tunc
1071 1372 1205 1406 Prætoris

475 1438 573 1473 partes
585 1426 733 1469 neceſſariæ
745 1426 829 1467 ſunt,
838 1427 887 1467 qui
896 1420 1005 1454 decreto
1006 1422 1060 1464 ſuo
1066 1420 1206 1464 ſequetur

477 1473 596 1514 majoris
615 1471 709 1515 partis
722 1470 914 1504 voluntatem.
977 1467 1069 1501 Ratio
1082 1463 1136 1499 eſſe
1151 1474 1207 1509 po-

471 1521 536 1559 teſt
561 1532 590 1556 I.
613 1519 697 1565 Quia
709 1514 952 1561 præſumendum
967 1512 1031 1556 eſt,
1051 1513 1143 1548 talem
1159 1525 1204 1547 re-

476 1566 650 1603 miſſionem
664 1564 770 1600 utilem
781 1562 833 1599 eſſe
842 1564 988 1598 omnibus
998 1559 1209 1600 creditoribus,

477 1621 590 1659 utpote
603 1613 636 1644 in
655 1620 746 1655 quam
758 1612 856 1653 major
870 1620 938 1653 pars
952 1604 1128 1642 conſentiat.
1176 1613 1209 1639 2.

481 1661 564 1707 Quia
580 1671 633 1706 per
644 1659 708 1695 hoc
724 1659 877 1693 evitantur
889 1657 1026 1703 plurimæ
1037 1655 1103 1690 lites
1117 1666 1150 1690 ac
1161 1664 1211 1688 ex-

480 1706 578 1752 penſæ
591 1705 727 1752 alioquin
741 1706 751 1737 à
763 1702 965 1739 creditoribus
973 1701 1007 1736 &
1022 1700 1214 1737 debitoribus

481 1753 638 1790 faciendæ.
682 1753 714 1786 Si
727 1761 831 1787 tamen
839 1749 947 1785 alicubi
962 1745 1152 1783 conſuetudo
1162 1756 1214 1780 aut

482 1802 533 1836 lex
545 1799 733 1846 particularis
752 1797 897 1832 locorum
920 1794 1001 1831 aliud
1012 1793 1156 1833 haberet,
1180 1803 1215 1827 ea

478 1848 621 1887 ſervanda
630 1847 709 1883 eſſet.

575 1888 759 1927 Confirmari
767 1886 833 1923 hæc
846 1884 1000 1932 reſponſio
1008 1881 1109 1931 poteſt
1119 1895 1155 1918 ex
1165 1893 1213 1922 eo,

484 1942 555 1986 quia
575 1942 607 1974 in
622 1936 712 1976 caſu,
733 1949 796 1983 quo
823 1937 988 1974 creditores
1003 1937 1080 1969 inter
1096 1933 1124 1972 ſe
1148 1944 1213 1968 non

483 1986 673 2022 conveniunt
683 1985 720 2018 de
733 1981 920 2019 admittenda
932 1980 1079 2019 ceſſione,
1091 1978 1212 2021 ſequen-

486 2037 523 2071 da
531 2033 573 2069 eſt
580 2033 723 2069 ſententia
737 2040 869 2069 eorum,
892 2031 943 2073 qui
958 2025 1152 2065 favorabilius
1167 2038 1208 2059 re-

483 2081 631 2128 ſpondeat
640 2091 697 2125 pro
713 2079 859 2114 debitore.
904 2073 1085 2123 Juſtinianus
1103 2076 1158 2118 (b)
1167 2075 1212 2107 di-

487 2129 551 2161 cit:
573 2128 648 2159 Pari
666 2132 767 2156 autem
784 2126 951 2166 quantitate
963 2119 1052 2155 debiti
1072 2115 1210 2157 inventâ,

484 2172 588 2216 diſpari
599 2169 667 2203 verò
676 2168 847 2203 creditorum
863 2177 998 2202 numero;
1014 2174 1085 2197 tunc
1091 2164 1211 2208 amplior

484 2227 552 2263 pars
565 2216 736 2252 creditorum
749 2213 896 2251 obtineat;
917 2217 963 2245 ita
983 2221 1017 2244 ut
1033 2209 1109 2257 quod
1120 2211 1212 2256 pluri-

488 2265 538 2301 bus
547 2264 673 2311 placeat,
679 2262 846 2305 ſtatuatur.
901 2263 951 2294 Sin
963 2257 1030 2294 verò
1049 2257 1173 2304 undique
1181 2268 1214 2288 æ-

488 2311 614 2355 qualitas
623 2316 751 2352 emergat
765 2304 852 2350 quàm
864 2305 976 2344 debiti,
1000 2302 1088 2348 quàm
1100 2307 1216 2336 numeri

487 2355 686 2393 creditorum;
705 2364 775 2387 tunc
786 2363 829 2385 eos
841 2355 985 2395 anteponi,
997 2354 1047 2393 qui
1059 2349 1099 2382 ad
1110 2348 1215 2382 huma-

491 2407 598 2436 niorem
625 2400 769 2434 declinant
788 2400 983 2443 ſententiam,
1004 2407 1058 2428 non
1075 2392 1217 2439 ceſſionem

493 2452 651 2494 exigentes,
656 2447 711 2493 ſed
729 2444 882 2480 inducias:
913 2443 990 2477 nullâ
1001 2436 1114 2488 quidem
1133 2442 1216 2486 diffe-

493 2495 589 2529 rentiâ
604 2498 678 2526 inter
695 2489 901 2536 hypothecarios
916 2493 951 2527 &
975 2489 1045 2522 alios
1057 2486 1218 2526 creditores,

493 2537 635 2585 quantum
646 2538 686 2572 ad
696 2538 770 2572 hanc
782 2538 952 2571 electionem.

585 2589 631 2626 Ex
644 2598 706 2632 quo
720 2583 983 2625 concludendum,
1006 2581 1092 2627 quod
1106 2583 1137 2616 in
1153 2579 1219 2616 caſu

494 2633 613 2681 poſito,
625 2637 677 2669 ubi
685 2632 741 2668 ſtat
752 2631 898 2666 ſententia
907 2630 1014 2675 viginti
1033 2627 1221 2664 creditorum

494 2691 599 2717 contra
613 2682 760 2725 quinque,
772 2681 909 2724 priorum
921 2676 1063 2712 ſententia
1078 2674 1220 2720 prævale-

496 2739 527 2762 re
542 2730 663 2767 debeat,
679 2726 717 2759 ſic
728 2735 831 2761 tamen
852 2736 887 2759 ut
905 2723 1062 2758 Gilbertus
1085 2729 1222 2755 teneatur

496 2776 608 2812 ſolvere
619 2775 769 2808 reſiduum
780 2772 935 2810 debitum,
948 2769 971 2803 ſi
983 2766 1129 2814 potuerit.

590 2825 665 2857 Duo
678 2830 780 2855 tamen
794 2819 979 2855 obſervanda
991 2816 1058 2851 ſunt
1080 2827 1106 2850 I.
1121 2813 1221 2861 Quod

498 2867 583 2909 juxta
595 2866 661 2909 Jura
670 2863 822 2898 Gallicana
835 2874 899 2896 non
912 2861 1037 2896 ſufficiat
1046 2862 1079 2894 in
1091 2863 1157 2896 caſu
1166 2867 1222 2901 po-

500 2909 559 2945 ſito
573 2911 670 2954 major
679 2911 865 2943 creditorum
880 2915 1040 2944 numerus,
1064 2905 1119 2937 niſi
1132 2907 1221 2937 etiam

500 2959 614 2993 ſumma
627 2958 681 2992 illis
697 2958 795 2992 debita
803 2954 840 2990 ſit
853 2952 1013 3000 reſpectivè
1026 2955 1133 2995 major.
1179 2952 1224 2985 A-

501 3000 618 3045 lioquin
629 2999 809 3043 ſequeretur,
832 2998 917 3043 quod
930 2998 1039 3041 viginti
1050 2996 1223 3035 creditores,

503 3050 612 3093 quibus
628 3050 803 3085 deberentur
812 3059 888 3090 300.
900 3044 1024 3085 floreni,
1028 3042 1142 3089 poſſint
1149 3054 1224 3088 præ-

502 3091 601 3126 valere
623 3100 727 3124 contra
752 3094 887 3132 quinque
908 3090 1091 3123 creditores,
1112 3090 1223 3128 quibus

507 3140 631 3172 debetur
649 3137 762 3171 ſumma
780 3146 898 3170 10000.
916 3135 1136 3173 florenorum;
1159 3143 1223 3173 quo

508 3185 590 3225 caſu,
606 3184 627 3217 ſi
641 3184 680 3218 illi
690 3184 795 3228 viginti
804 3185 967 3217 creditores
978 3180 1095 3215 vellent
1108 3181 1225 3214 debito-

506 3233 532 3265 ri
552 3232 700 3265 remittere
716 3231 835 3263 tertiam
849 3235 986 3271 partem,
1009 3224 1226 3269 poſterioribus

507 3273 665 3311 inferretur
677 3274 829 3311 manifeſta
841 3273 992 3316 injuſtitia.
1040 3279 1070 3304 2.
1094 3271 1123 3300 Si
1131 3274 1168 3302 in
1180 3280 1225 3304 ca-

508 3320 542 3355 ſu
563 3319 664 3365 poſito
676 3320 782 3363 viginti
799 3322 914 3362 priores
927 3327 992 3351 non
1007 3317 1112 3349 forent
1125 3318 1227 3358 hypo-

509 3368 645 3407 thecarii,
657 3377 708 3401 aut
718 3366 909 3415 privilegiati,
933 3365 966 3399 &
983 3365 1116 3408 quinque
1129 3364 1228 3407 poſte-

1282 321 1481 389 Ceſſio
1502 321 1832 388 Bonorum.
1878 328 1991 392 502

1248 432 1344 466 riores
1353 431 1463 475 pariter
1472 428 1594 464 tantùm
1614 427 1887 474 chyrographarii,
1914 433 1990 457 tunc

1251 483 1367 526 priores
1381 492 1446 514 non
1462 477 1559 524 habent
1584 481 1629 524 jus
1639 475 1768 513 faciendi
1783 473 1990 511 remiſſionem

1250 530 1353 563 invitis
1369 524 1599 571 poſterioribus.
1668 525 1708 558 Et
1726 525 1812 568 juxta
1836 523 1890 555 has
1914 520 1990 553 duas

1251 573 1479 611 obſervationes
1503 571 1535 616 vi
1546 573 1624 617 Juris
1652 571 1761 606 Gallici
1786 566 1989 614 intelligendæ

1249 618 1321 657 ſunt
1333 621 1450 667 priores
1466 618 1676 665 reſponſiones
1684 628 1718 650 ac
1725 616 1834 661 Leges.

1435 719 1691 759 CASUS
1748 731 1792 759 X.

1346 809 1504 848 Thomas,
1521 804 1664 845 Alexius,
1677 804 1711 839 &
1736 806 1801 839 duo
1826 803 1887 840 alii,
1910 802 1990 837 inito

1252 855 1412 893 contractu
1427 854 1603 893 Societatis,
1628 861 1735 886 mutua
1747 850 1900 894 accipiunt
1911 850 1946 882 ab
1961 860 1990 883 a-

1251 902 1339 947 liquo
1355 910 1454 946 5000.
1463 900 1681 935 Florenorum.
1739 898 1902 933 Omnibus
1916 905 1989 938 qua-

1252 959 1328 985 tuor
1351 960 1389 983 ex
1419 947 1608 982 commercio
1624 943 1835 989 depauperatis
1856 944 1990 977 creditor

1253 1000 1402 1033 convenit
1424 995 1552 1034 Socios,
1578 991 1743 1037 præſertim
1756 1003 1790 1025 ac
1803 991 1992 1024 nominatim

1252 1047 1399 1082 Alexium
1412 1044 1534 1090 reliquis
1554 1043 1710 1078 ditiorem.
1783 1041 1887 1085 Itaque
1904 1040 1993 1074 Tho-

1254 1100 1321 1126 mas
1334 1091 1411 1127 cedit
1419 1089 1530 1125 Alexio
1546 1088 1595 1122 ſua
1610 1087 1708 1124 bona,
1734 1095 1803 1130 quæ
1821 1094 1926 1118 tamen
1941 1084 1993 1117 vix

1256 1146 1380 1184 æquant
1393 1136 1527 1172 mediam
1538 1145 1656 1180 partem
1671 1136 1826 1179 portionis
1841 1137 1857 1167 à
1867 1133 1893 1166 ſe
1908 1133 1994 1168 debi-

1257 1196 1308 1222 tæ.
1352 1185 1478 1221 Alexius
1491 1193 1645 1229 acceptata
1653 1181 1782 1217 ceſſione
1792 1181 1898 1217 liberat
1920 1180 1991 1215 Tho-

1258 1244 1343 1267 mam
1361 1234 1399 1267 ab
1416 1231 1607 1276 obligatione
1621 1227 1747 1265 reſidui,
1767 1227 1853 1270 quod
1868 1227 1994 1260 deberet

1259 1277 1419 1317 Societati,
1432 1277 1521 1323 ſeque
1529 1275 1603 1310 loco
1615 1274 1693 1309 illius
1712 1273 1828 1318 obligat
1839 1273 1994 1306 creditori.

1259 1327 1401 1363 Thomas
1428 1332 1531 1358 autem
1556 1318 1698 1357 faciendo
1724 1320 1804 1354 hanc
1829 1318 1996 1353 ceſſionem

1258 1372 1382 1408 reticuit
1396 1371 1462 1406 duo
1473 1367 1664 1404 florenorum
1681 1367 1784 1404 millia,
1795 1377 1866 1410 quæ
1880 1364 1934 1399 ſibi
1944 1367 1997 1397 de-

1260 1419 1412 1454 bebantur
1423 1418 1485 1459 jam
1502 1425 1571 1450 ante
1586 1416 1694 1448 initam
1720 1412 1924 1451 Societatem,
1949 1408 1999 1445 ſed

1263 1469 1277 1500 à
1290 1467 1400 1502 talibus
1413 1463 1621 1502 debitoribus,
1640 1472 1720 1505 quos
1733 1457 1921 1495 exiſtimabat
1932 1469 2001 1492 non

1264 1514 1318 1550 eſſe
1330 1512 1490 1548 ſolvendo.
1556 1511 1695 1545 Moriens
1710 1507 1803 1551 paulo
1819 1505 1889 1550 poſt
1907 1507 2000 1540 uxori

1265 1559 1353 1600 dicit,
1371 1558 1397 1592 ſe
1410 1569 1475 1593 non
1489 1556 1598 1591 habere
1617 1554 1793 1599 ſcrupulum
1810 1553 1851 1586 ob
1865 1550 2001 1586 occulta-

1263 1614 1334 1640 tum
1348 1605 1382 1639 in
1397 1603 1446 1639 ſua
1461 1602 1592 1638 ceſſione
1608 1602 1669 1635 hoc
1678 1602 1836 1635 debitum:
1859 1607 1941 1631 uxor
1950 1607 2002 1630 ve-

1266 1655 1321 1691 rò,
1337 1661 1403 1696 quæ
1417 1650 1486 1697 poſt
1498 1654 1552 1686 viri
1566 1659 1702 1684 mortem
1724 1658 1776 1690 per
1789 1649 1904 1681 amicos
1924 1645 2003 1679 ſolu-

1266 1702 1386 1735 tionem
1402 1702 1498 1734 totius
1515 1699 1609 1733 debiti
1634 1696 1794 1732 ſucceſſivè
1810 1696 2000 1731 obtinuerat,

1267 1747 1376 1791 quærit
1397 1749 1405 1780 à
1423 1742 1630 1783 Confeſſario,
1656 1754 1692 1775 an
1707 1750 1846 1775 teneatur
1859 1739 1939 1773 hanc
1954 1738 2003 1771 ſo-

1267 1794 1420 1828 lutionem
1431 1792 1534 1827 cedere
1544 1789 1671 1824 Alexio?
1699 1792 1746 1822 An
1761 1787 1835 1821 verò
1845 1798 1910 1820 eam
1921 1783 2004 1819 uſur-

1267 1852 1338 1887 pare
1348 1840 1442 1887 poſſit
1454 1847 1511 1886 pro
1522 1839 1572 1875 ſua
1584 1835 1819 1875 ſuſtentatione?

1464 1933 1794 1977 RESPONSIO.

1337 2020 1619 2070 Diſtinguendum
1634 2020 1685 2059 eſt.
1733 2021 1794 2057 Vel
1812 2024 1893 2056 enim
1907 2020 1999 2055 Tho-

1265 2082 1333 2106 mas
1347 2069 1420 2105 fecit
1432 2069 1542 2103 Alexio
1555 2067 1720 2103 ceſſionem
1731 2067 1890 2099 bonorum
1900 2074 1999 2098 certo-

1266 2128 1337 2152 rum
1352 2129 1386 2153 ac
1405 2116 1700 2154 determinatorum;
1723 2112 1771 2147 vel
1786 2113 1928 2146 omnium
1942 2111 2000 2143 bo-

1266 2176 1381 2201 norum
1388 2167 1418 2198 in
1437 2173 1555 2209 genere,
1569 2164 1660 2196 etiam
1672 2159 1857 2196 dubiorum?
1866 2160 1895 2193 Si
1906 2160 1998 2204 prius,

1266 2224 1348 2247 uxor
1360 2212 1495 2247 Thomæ
1519 2214 1634 2255 poterit
1646 2217 1711 2242 tuta
1725 2205 1905 2241 conſcientia
1929 2208 1999 2238 reti-

1267 2269 1338 2293 nere
1356 2257 1505 2292 ſummam
1522 2251 1696 2299 præfatam,
1712 2263 1749 2283 eo
1763 2252 1847 2295 quod
1859 2260 2000 2293 tempore

1269 2303 1409 2341 ceſſionis
1424 2313 1457 2338 ea
1465 2314 1532 2336 non
1545 2303 1623 2334 inter
1636 2301 1724 2338 bona
1724 2303 1831 2337 certa,
1857 2297 1906 2330 ſed
1922 2300 2002 2331 inter

1271 2354 1362 2388 dubia
1375 2350 1477 2387 fuerit.
1545 2351 1575 2384 Si
1594 2351 1668 2383 verò
1688 2344 1839 2392 poſterius
1854 2343 2005 2387 contigit,

1270 2404 1392 2431 tenetur
1402 2403 1482 2428 uxor
1493 2391 1653 2438 præfatam
1664 2390 1814 2426 ſummam
1826 2389 1937 2424 Alexio
1956 2399 2004 2421 re-

1271 2444 1409 2483 ſtituere,
1421 2442 1529 2478 additis
1547 2441 1663 2475 duabus
1679 2437 1923 2475 limitationibus.
1976 2446 2003 2468 1.

1273 2496 1320 2530 Ut
1333 2493 1374 2528 illi
1387 2491 1474 2525 liceat
1499 2488 1646 2523 deducere
1668 2484 1826 2530 expenſas,
1849 2494 1923 2527 quas
1948 2492 2006 2526 pro

1274 2536 1443 2572 obtinenda
1450 2533 1602 2569 ſolutione
1610 2530 1742 2579 præfatæ
1753 2532 1878 2565 ſummæ
1890 2532 2008 2572 impen-

1276 2587 1330 2621 dit.
1381 2596 1413 2619 2.
1437 2584 1483 2618 Ut,
1513 2583 1536 2617 ſi
1547 2581 1682 2625 alioquin
1693 2582 1722 2612 in
1733 2587 1858 2624 gravem
1873 2579 2010 2622 indigen-

1274 2633 1348 2666 tiam
1362 2628 1524 2668 incideret,
1539 2625 1630 2671 poſſit
1640 2629 1767 2661 retinere
1781 2622 1933 2659 neceſſaria
1949 2632 2008 2665 pro

1276 2675 1507 2715 ſutentatione,
1519 2683 1555 2708 ut
1567 2675 1626 2716 jam
1641 2676 1671 2706 in
1695 2673 1797 2716 primo
1810 2671 1875 2706 caſu
1890 2670 2006 2706 dictum

1278 2726 1330 2764 eſt.
1377 2721 1562 2760 Cabaſſutius
1586 2724 1645 2755 ait:
1676 2723 1724 2762 (c)
1749 2721 1903 2752 Gravatus
1917 2729 1966 2750 ære
1982 2721 1996 2758 a

1276 2770 1349 2803 lieno
1359 2765 1463 2812 poteſt,
1482 2771 1513 2798 in
1516 2768 1585 2809 foro
1601 2764 1780 2809 conſcientiæ,
1793 2763 1853 2800 ſive
1864 2771 1952 2798 ante,
1961 2760 2005 2801 ſi-

1278 2826 1316 2847 ve
1322 2814 1380 2859 poſt
1394 2811 1527 2845 bonorum
1540 2806 1696 2856 ceſſionem,
1710 2821 1744 2840 ea
1750 2809 1886 2851 ſervare,
1897 2817 1952 2850 quæ
1968 2804 2008 2836 ad

1268 2861 1320 2903 ſui
1344 2863 1361 2896 &
1383 2857 1533 2890 liberorum
1537 2855 1789 2900 ſuſtentationem,
1797 2857 1953 2896 uxorisque
1960 2861 2008 2880 ne-

1276 2908 1393 2952 ceſſaria
1399 2908 1492 2949 ſunt;
1510 2906 1628 2947 tametſi
1633 2908 1665 2937 in
1677 2907 1817 2938 exteriori
1823 2902 1894 2945 foro
1906 2900 2008 2933 durius

1277 2963 1414 3000 ageretur
1424 2964 1489 2987 cum
1499 2953 1555 2987 illo.

1368 2997 1583 3034 Nihilominus
1604 2996 1696 3029 etiam
1713 2996 1744 3027 in
1765 2993 1828 3028 hoc
1842 2989 2007 3038 poſteriore

1279 3042 1346 3078 caſu
1358 3041 1425 3075 talis
1438 3051 1517 3075 uxor
1530 3048 1682 3074 teneretur
1700 3040 1812 3071 Alexio
1825 3036 2007 3070 teſtamento

1278 3093 1445 3136 relinquere
1456 3088 1594 3128 reſidua;
1617 3097 1671 3121 aut
1685 3090 1776 3120 etiam
1789 3094 1857 3118 ante
1871 3092 2007 3116 mortem

1278 3141 1321 3175 illi
1334 3140 1398 3173 hæc
1409 3138 1533 3176 cedere,
1557 3135 1579 3168 ſi
1592 3135 1629 3169 ad
1639 3134 1831 3179 pinguiorem
1846 3129 2008 3166 fortunam

1280 3180 1455 3221 emerſiſſet,
1467 3189 1518 3225 per
1529 3189 1620 3223 quam
1633 3181 1648 3210 à
1659 3177 1854 3212 mendicitate
1870 3175 2008 3210 liberare-

1280 3235 1342 3262 tur.
1391 3226 1521 3261 Certum
1535 3228 1615 3259 enim
1630 3223 1687 3261 eſt,
1700 3225 1783 3265 juxta
1794 3219 2008 3261 Covarruvias,

1280 3274 1476 3316 Navarrum,
1497 3272 1530 3307 &
1546 3271 1644 3314 plures
1657 3270 1731 3303 alios
1747 3269 1876 3302 celebres
1894 3265 2009 3301 autho-

1280 3329 1344 3357 res,
1354 3320 1440 3363 quod
1453 3319 1518 3354 ille,
1535 3319 1586 3359 qui
1602 3316 1693 3348 aliena
1709 3316 1791 3347 bona
1800 3316 1922 3351 retinet,
1934 3323 1969 3346 ut
1980 3311 2009 3347 ſe

1282 3367 1319 3399 ab
1332 3372 1465 3399 extrema
1475 3362 1524 3396 vel
1533 3363 1615 3407 gravi
1629 3358 1798 3396 neceſſitate
1808 3357 1932 3396 liberet,
1944 3367 2009 3391 non

2038 2724 2076 2757 (c)
2086 2724 2167 2755 Joann.
2176 2723 2222 2748 Ca⸗

2038 2758 2121 2782 baſſut.
2133 2759 2190 2787 juris

2038 2795 2090 2812 can.
2100 2788 2190 2812 Theor.
2199 2784 2227 2813 &

2037 2825 2106 2849 Prax.
2116 2823 2131 2846 1.
2143 2823 2166 2847 6.
2176 2828 2198 2845 s.

2038 2861 2142 2885 22.n.5.
