2463 2977
657 617 778 663 AD
778 617 1027 663 CAPUT
1027 617 1243 663 XXIV.

1494 615 1564 666 199

331 719 419 766 lich,
436 709 486 761 wie
502 714 524 762 er
546 701 607 762 ſich
623 712 711 756 zwar
737 703 911 758 erinnere,
929 703 999 755 daß
1014 716 1049 748 er
1067 703 1230 759 Klaͤgern
1259 717 1347 753 300.
1365 707 1482 756 Thlr.
1505 706 1570 753 bey

329 766 603 810 Vermeydung
622 765 677 801 der
686 756 840 813 Huͤlffe
831 767 864 817 zu
878 757 1039 813 bezahlen
1054 760 1335 804 condemniret
1347 759 1412 812 ſey,
1422 762 1570 810 welches

329 822 464 866 Urthel
464 820 563 867 nicht
577 818 683 858 allein
700 816 827 868 Krafft
835 816 1016 867 Rechtens
1034 812 1216 869 ergriffen,
1237 815 1385 868 ſondern
1406 816 1492 867 auch
1501 816 1569 857 mit

330 882 390 915 der
400 876 621 921 wuͤrcklichen
631 874 863 915 Execution
874 873 1003 916 bereits
1016 875 1072 916 der
1081 871 1235 925 Anfang
1245 872 1401 924 gemacht
1410 876 1567 916 worden.

334 935 469 973 Wenn
486 935 567 969 aber
576 930 719 975 hierbey
730 933 827 978 gantz
844 927 1084 981 præpoſtere
1111 925 1318 981 verfahren,
1338 928 1456 972 indem
1479 926 1573 973 Klaͤ⸗

334 1002 397 1030 ger
411 993 499 1029 ohne
508 989 617 1026 einige
629 989 755 1026 vorher
772 987 923 1029 gethane
932 982 1206 1033 Ankuͤndigung
1231 981 1317 1021 600.
1350 977 1492 1032 Schaafe
1508 974 1577 1028 auf

332 1046 490 1094 einmahl
507 1048 580 1087 aus
595 1044 703 1089 Bekl.
737 1044 944 1099 Schaͤferey
954 1045 1164 1096 wegtreiben
1184 1045 1308 1099 laſſen,
1326 1046 1372 1089 da
1383 1045 1463 1096 doch
1481 1055 1575 1089 400.

330 1102 502 1154 Schaafe
519 1110 637 1154 genug
645 1101 813 1155 geweſen,
825 1105 879 1148 die
894 1093 1050 1157 Schuld
1067 1103 1314 1158 abzufuͤhren;
1325 1094 1392 1155 So
1412 1106 1500 1150 wird
1514 1109 1574 1146 der

335 1162 421 1211 ſelbe
444 1158 654 1216 genoͤthiget,
676 1157 870 1216 hierwieder
886 1160 956 1201 das
966 1155 1214 1198 beneficium
1228 1155 1513 1209 appellationis
1526 1168 1573 1199 an

336 1216 463 1261 Seine
468 1210 784 1273 Chur⸗Fuͤrſtliche
790 1212 1146 1267 Durchlauchtigkeit
1158 1226 1199 1268 zu
1215 1216 1432 1261 Brandenb.
1449 1213 1575 1265 unſern

340 1270 547 1325 gnaͤdigſten
568 1271 707 1321 Herrn,
718 1280 759 1321 zu
775 1272 973 1324 ergreiffen,
992 1271 1164 1323 dienſtlich
1176 1276 1331 1324 bittend,
1348 1274 1470 1325 ſolche
1490 1275 1577 1325 Ap-

338 1322 537 1379 pellation
548 1324 590 1364 in
598 1321 807 1366 honorem
817 1324 1058 1378 Sereniſſimi
1071 1325 1110 1384 zu
1126 1324 1337 1377 deferiren,
1357 1320 1423 1374 und
1437 1325 1507 1369 mir
1523 1334 1588 1377 ge⸗

340 1384 461 1436 hoͤrige
472 1377 700 1434 Apoſtolos
710 1379 863 1427 daruͤber
872 1391 911 1433 zu
927 1382 1096 1434 ertheilen,
1112 1375 1247 1439 indeſſen
1258 1383 1340 1427 aber
1350 1384 1416 1427 mit
1427 1381 1577 1436 fernerer

339 1437 585 1487 Execution,
595 1442 670 1484 und
678 1437 948 1492 Verkauffung
959 1442 1020 1485 der
1032 1439 1203 1494 Schaafe
1213 1440 1461 1494 einzuhalten;
1480 1442 1572 1489 Wie

477 1495 526 1553 ich
543 1495 635 1543 denn
659 1495 745 1545 auch
770 1497 878 1541 wider
902 1499 970 1543 alle
996 1494 1166 1553 kuͤnftige
1187 1494 1440 1541 Gravamina

698 1549 848 1609 zugleich
875 1552 1079 1610 appelliret
1105 1542 1221 1612 haben

920 1609 1004 1664 will.

743 1718 813 1818 S.
896 1715 996 1817 D.
1080 1711 1182 1818 G.

1352 2534 1594 2609 INDEX
