1756 2366
990 325 1080 363 331

323 493 699 553 CLASSIS
765 492 863 533 VII.

293 573 953 623 LEXICOGRAPHI,

577 664 676 684 SIVE

174 718 552 762 DICTIONARIA
584 720 652 754 ET
685 714 1075 753 VOCABVLARIA

459 775 793 807 LINGVARVM.

406 909 457 966 a)
517 903 588 968 In
652 905 838 956 Folio.

178 981 282 1021 4363-

178 1018 264 1051 4364

178 1102 260 1136 4365

175 1225 260 1265 4366

179 1362 265 1393 4367

180 1532 282 1556 4368-

182 1663 262 1684 4371

282 973 377 1056 De
391 1010 536 1045 AQVINO,
555 1005 620 1031 Car.
638 1004 763 1029 Lexicon
781 999 921 1028 Militare.
951 997 1071 1028 Romae,

284 1070 374 1103 1724.
399 1055 438 1097 Il
438 1056 588 1096 PARTES,
614 1065 639 1093 Il
658 1064 727 1095 Voll.
754 1063 786 1093 L.
806 1065 824 1092 P.

285 1099 529 1125 BERGANTINI,
548 1092 748 1128 Giampietro,
774 1088 849 1118 della
864 1088 993 1121 Volgare
1009 1086 1077 1112 Elo-

282 1147 404 1171 cuzione
420 1143 564 1175 illuſtrata,
577 1139 722 1178 ampliata,
734 1137 882 1170 facilitata.
901 1138 994 1169 Vol.
977 1131 1001 1176 I.
1011 1146 1078 1165 con-

283 1181 405 1217 tenente
417 1190 484 1217 A-B.
510 1190 539 1216 In
553 1185 686 1217 Venezia,
706 1191 795 1223 1740.
816 1182 853 1213 Ch.
871 1182 941 1220 maj.

284 1236 466 1262 CALEPINI,
492 1226 593 1257 Ambr.
618 1225 830 1261 Dictionarium
856 1215 1078 1261 Hexaglottum,

287 1274 346 1302 Lat.
362 1272 412 1303 Gr.
423 1273 483 1301 Ital.
501 1272 567 1302 Gall.
577 1270 658 1301 Hiſp.
667 1270 764 1298 Germ.
776 1278 840 1296 cum
860 1268 940 1298 Conr.
953 1274 1079 1295 GESNE-

286 1321 320 1340 RI
333 1309 527 1341 Onomaſtico.
550 1299 637 1349 Baſil.
655 1319 687 1338 ex
700 1306 785 1338 Offic.
796 1306 977 1345 Henricpetr.
988 1304 1077 1342 1568.

288 1359 559 1388 CONSTANTINI,
577 1348 646 1381 Roh.
661 1350 791 1380 Lexicon
811 1347 1077 1377 Graeco-Latinum.

286 1395 369 1423 Edit.
386 1401 420 1427 Il.
442 1402 467 1422 c.
484 1389 586 1421 Franc.
605 1389 689 1419 Porti
711 1393 739 1417 et
758 1387 841 1417 alior.
857 1386 957 1417 Addit.
978 1385 1080 1416 Excuſ.

285 1447 337 1477 per
346 1438 489 1468 Haeredes
504 1434 631 1477 Euſtath.
648 1434 756 1464 Vignon
773 1439 800 1462 et
809 1432 867 1462 lac.
879 1431 971 1467 Stocr,
985 1436 1075 1469 1592.

290 1482 368 1513 (Sine
386 1480 490 1519 Loco.)
510 1479 558 1509 Ch.
573 1476 644 1518 maj.
667 1465 701 1510 L.
716 1479 752 1509 G.

298 1530 375 1558 4370
399 1526 580 1553 CVRIONIS,
600 1517 676 1549 Cael.
696 1516 754 1547 Sec.
784 1515 933 1547 Theſaurus
948 1514 1080 1551 Linguae

286 1569 420 1598 Latinae,
443 1565 461 1592 ſ.
482 1565 591 1595 Forum
615 1562 786 1591 Romanum.
823 1556 907 1600 Baſil.
931 1569 965 1588 ex
990 1556 1076 1591 Offic.

282 1613 402 1655 Froben.
419 1613 511 1654 1561.
531 1617 566 1645 III
581 1614 651 1645 Voll.
673 1615 706 1643 L.
720 1613 754 1643 C.

288 1654 524 1692 DICTIONAIRE
547 1647 834 1679 ETYMOLOGIQVE,
851 1649 887 1669 ou
898 1636 1081 1673 Origines
1046 1633 1083 1679 de

286 1697 311 1722 Ia
328 1693 443 1727 Langue
454 1691 616 1725 Françoiſe,
634 1697 684 1724 par
692 1686 751 1716 Mr.
764 1689 925 1724 MENAGE.
943 1685 1080 1715 Nouvelle

288 1732 414 1768 Edition,
431 1741 517 1761 revuë
532 1730 560 1761 et
577 1734 747 1769 augmentée
763 1739 814 1768 par
829 1729 970 1759 I'Auteur.
998 1729 1080 1758 Avec

282 1783 331 1818 les
349 1778 480 1819 Origines
495 1778 663 1816 Françoiſes
679 1778 714 1806 de
729 1776 789 1809 Mr.
807 1776 842 1806 de
859 1782 1082 1808 CASENEVVE;

288 1830 327 1851 un
345 1821 478 1850 Diſcours
499 1818 542 1848 ſur
560 1819 597 1856 la.
602 1817 720 1847 Science
736 1815 782 1846 des
800 1814 1009 1851 Etymologies,
1027 1822 1080 1850 par

291 1864 319 1894 Ie
337 1863 367 1890 P.
386 1867 544 1893 BESNIER,
562 1864 590 1887 et
608 1867 661 1894 une
670 1856 743 1887 Liſte
761 1858 808 1888 des
820 1857 918 1887 Noms
936 1849 970 1886 de
979 1854 1083 1889 Saints,

291 1912 346 1934 etc.
380 1913 431 1942 par
463 1905 522 1935 Mr.
548 1901 661 1934 l'Abbé
687 1907 945 1930 CHASTELLAIN.
982 1898 1080 1935 Paris,

295 1958 384 1999 1694.
409 1957 443 1988 L.
459 1959 494 1989 G.

999 2007 1083 2037 4372
