2548 3069
996 630 1156 672 dictum
1184 638 1387 674 emaneat.
1459 631 1636 685 Quoniam
1660 648 1746 675 vero
1764 635 1880 687 paullo
1905 646 1984 677 ante
2006 638 2140 694 ipſam,
2166 655 2231 695 qua
2259 657 2406 685 VENV-

996 710 1134 741 LEIVS
1159 700 1232 739 vſus
1252 696 1321 741 eſt,
1337 698 1498 751 loquendi
1521 699 1731 747 formulam,
1749 715 1824 741 non
1846 710 1977 741 tantum
2000 702 2041 743 ad
2060 710 2199 760 genium
2222 712 2403 751 auctorum

996 777 1210 813 claſſicorum
1227 778 1260 811 et
1278 767 1321 814 ad
1340 767 1509 817 latinitatis
1531 771 1685 825 ipſorum
1705 771 1897 824 analogiam
1919 775 2075 818 accedere
2096 779 2259 824 dixerim,
2275 780 2316 820 de
2331 794 2405 833 quo

997 848 1148 881 dubitare
1164 843 1200 882 in
1220 859 1374 885 mentem
1392 854 1523 888 venerit
1544 857 1696 895 nemini,
1713 843 1770 892 qui
1791 846 1827 882 in
1843 844 1935 886 libris
1955 860 2109 889 veterum
2126 857 2220 894 illam
2240 864 2402 901 metony-

995 914 1083 956 miae
1103 908 1250 961 ſpeciem
1269 926 1446 959 occurrere
1463 921 1580 963 norit;
1612 917 1669 956 ſed
1693 919 1816 965 etiam,
1832 919 1943 961 eodem
1964 919 2068 975 plane
2087 924 2212 970 verbo,
2235 940 2303 979 quo
2327 926 2400 967 vſus

995 980 1043 1027 eſt
1059 980 1332 1033 Iureconſultus,
1361 1005 1489 1030 veteres
1506 991 1582 1028 vſos
1604 982 1723 1033 fuiſſe,
1739 985 1928 1036 ſtatuerim,
1943 998 2047 1038 fidem
2069 1000 2181 1040 datam
2203 994 2293 1043 quaſi
2313 999 2399 1040 ſolu-

991 1065 1098 1104 turus,
1112 1056 1279 1102 nonnulla
1293 1070 1329 1101 in
1344 1065 1442 1100 huius
1457 1056 1505 1091 rei
1520 1054 1822 1099 confirmationem
1841 1074 1883 1098 ex
1902 1061 2098 1104 auctoribus
2113 1065 2250 1121 claſſicis
2268 1065 2400 1108 addam,

981 1126 1077 1170 Non
1087 1126 1194 1173 lubuit
1207 1126 1366 1173 quidem,
1380 1125 1416 1165 in
1434 1120 1619 1177 praeſentia
1637 1134 1735 1172 vnius
1756 1141 1850 1177 vocis
1867 1129 1998 1179 cauſſa,
2025 1145 2143 1180 cuncta
2164 1158 2318 1186 veterum
2340 1162 2402 1188 vo-

987 1208 1122 1243 lumina
1145 1207 1343 1247 percurrere
1362 1206 1461 1249 atque
1480 1213 1581 1252 quam
1610 1202 1728 1244 crebro
1750 1216 1785 1244 et
1812 1220 1832 1243 a
1850 1207 1967 1258 quibus
1990 1211 2149 1248 omnibus
2178 1226 2218 1250 ea
2244 1211 2399 1265 vſurpata

988 1267 1054 1311 ſit,
1083 1272 1182 1306 anxie
1198 1266 1379 1320 indagare.
1431 1271 1525 1316 Sed,
1549 1277 1712 1327 quoniam
1737 1289 1875 1320 omnes,
1892 1281 1949 1330 qui
1971 1281 2155 1322 lectionem
2178 1284 2400 1327 Haloandri-

988 1358 1067 1385 nam
1091 1333 1237 1377 ſtudioſe
1257 1340 1406 1378 venerati
1423 1337 1500 1379 ſunt
1517 1354 1551 1380 et
1567 1343 1805 1386 Florentinam
1818 1350 2065 1398 reprobarunt,
2087 1374 2396 1403 COLVMELLAE

985 1412 1152 1455 auxilium
1172 1410 1357 1461 implorare
1373 1411 1495 1462 video,
1507 1411 1571 1453 ſoli
1587 1426 1725 1468 quoque
1751 1425 1882 1455 tantum
1908 1435 2230 1471 COLVMELLAE
2248 1426 2398 1465 teſtimo-

985 1487 1084 1533 nium
1106 1489 1335 1533 denunciare,
1358 1497 1393 1529 et
1415 1498 1521 1537 aequa
1541 1491 1672 1530 ratione
1691 1487 1768 1542 ipſa
1791 1490 1858 1529 tela
1885 1494 1923 1530 in
1944 1503 2052 1533 textus
2072 1502 2260 1541 Florentini
2285 1502 2402 1553 perni-

983 1570 1073 1596 ciem
1090 1562 1242 1600 directa,
1259 1565 1295 1596 in
1307 1555 1461 1602 ipſorum
1472 1564 1626 1601 hoſtium
1644 1569 1747 1606 caput
1766 1561 1979 1601 meritiſſimo
2003 1561 2207 1617 detorquere
2227 1568 2398 1612 conſtitui,

982 1633 1122 1669 miratus
1140 1620 1284 1667 interea,
1297 1627 1356 1674 qui
1373 1624 1526 1670 factum,
1539 1635 1595 1670 vt,
1618 1630 1676 1679 qui
1700 1629 1774 1670 ſatis
1793 1631 1938 1673 fidenter
1958 1634 2047 1674 vitio
2064 1640 2233 1684 volumini
2253 1644 2396 1684 Floren-

982 1697 1056 1733 tino
1072 1694 1168 1733 illato
1184 1708 1225 1733 ex
1242 1707 1520 1735 COLVMELLA
1539 1702 1769 1752 patrocinium
1792 1702 2042 1761 quaeſiuerunt,
2054 1709 2146 1746 hunc
2151 1725 2396 1751 COLVMEL-

980 1771 1068 1806 LAE
1086 1759 1228 1811 locum,
1247 1770 1292 1806 ex
1313 1771 1381 1808 quo
1407 1766 1553 1806 meliora
1578 1769 1696 1808 doceri
1719 1768 1926 1819 potuiſſent,
1951 1786 2073 1818 omnes
2092 1779 2395 1824 praeteruiderint?

979 1836 1091 1881 Locus
1111 1846 1225 1885 autem
1246 1854 1587 1884 COLVMELLAE,
1609 1840 1651 1880 de
1670 1858 1739 1898 quo
1752 1845 1900 1900 loquor,
1916 1852 1972 1888 hic
1985 1851 2034 1890 eſt
2048 1856 2113 1904 e):
2146 1852 2273 1908 Claſſes
2290 1857 2396 1898 etiam

978 1919 1049 1954 non
1066 1906 1231 1951 maiores,
1262 1920 1364 1960 quam
1378 1910 1497 1952 denum
1512 1913 1685 1955 hominum
1694 1915 1907 1970 faciundae,
1925 1930 2011 1972 quas
2030 1920 2185 1965 decurias
2204 1922 2395 1977 adpellaue-

975 1984 1059 2016 runt
1079 1979 1233 2029 antiqui,
1248 1982 1281 2014 et
1298 1981 1447 2019 maxime
1459 1980 1732 2040 probauerunt,
1759 1986 1854 2038 quod
1881 1989 1911 2035 is
1938 1991 2069 2037 numeri
2087 1991 2207 2038 modus
2234 1994 2270 2040 in
2292 2005 2393 2047 opere

976 2049 1227 2102 commodiſſime
1258 2052 1504 2106 cuſtodiretur,
1530 2065 1590 2092 nec
1604 2061 1807 2107 praeeuntis
1826 2063 2008 2101 monitoris
2035 2063 2250 2117 diligentiam
2276 2068 2428 2110 multi-

973 2122 1057 2174 tudo
1079 2119 1307 2176 confunderet.
1367 2121 1510 2175 Itaque,
1521 2119 1552 2183 ſi
1559 2125 1669 2167 latior
1680 2126 1737 2187 eſt
1739 2133 1843 2187 ager,
1865 2126 1900 2168 in
1922 2134 2077 2185 regiones
2089 2132 2296 2179 deducendae
2309 2140 2389 2192 ſunt

973 2207 1031 2245 eae
1046 2192 1178 2248 claſſes,
1197 2194 1479 2250 diuidundumque
1494 2199 1546 2239 ita
1568 2211 1671 2252 opus,
1684 2206 1724 2240 vt
1737 2215 1838 2256 neque
1843 2202 1991 2261 ſinguli,
2009 2204 2123 2250 biniue
2129 2212 2212 2266 ſint,
2226 2213 2395 2264 quoniam

971 2267 1110 2314 diſperſi
1133 2279 1201 2317 non
1218 2266 1330 2313 facile
1351 2266 1606 2321 cuſtodiuntur:
1637 2280 1696 2315 nec
1716 2274 1827 2316 tamen
1839 2271 1954 2323 ſupra
1972 2276 2101 2324 decem,
2118 2293 2164 2325 ne
2182 2281 2311 2332 rurſus,
2327 2279 2387 2323 vbi

969 2339 1075 2384 nimia
1091 2340 1195 2390 turba
1200 2342 1267 2394 ſit,
1285 2340 1324 2380 id
1336 2352 1422 2394 opus
1438 2343 1488 2384 ad
1500 2342 1532 2384 ſe
1538 2346 1711 2398 pertinere
1723 2348 1857 2402 ſinguli
1873 2364 1943 2391 non
1960 2353 2158 2408 exiſtiment.
2209 2358 2309 2399 Haec
2327 2368 2385 2396 or-

968 2405 1103 2450 dinatio
1118 2420 1187 2457 non
1192 2411 1307 2461 ſolum
1323 2413 1476 2461 concitat
1504 2411 1782 2460 aemulationem,
1791 2417 1857 2470 ſed
1873 2424 1907 2464 et
1923 2432 2270 2473 DEPREHENDIT
2283 2423 2384 2472 igna-

966 2485 1038 2520 uos.
1098 2479 1195 2519 Nam
1214 2490 1286 2522 cum
1307 2486 1488 2531 certamine
1504 2499 1590 2536 opus
1610 2488 1795 2542 excitetur,
1814 2495 1886 2534 tum
1905 2492 1943 2535 in
1964 2490 2120 2540 ceſſantes
2136 2487 2384 2539 animaduerſio

968 2549 1056 2593 inſta
1079 2554 1114 2586 et
1126 2553 1201 2600 ſine
1220 2555 1354 2600 querela
1371 2563 1506 2602 videtur
1524 2566 1694 2608 adhiberi.
1758 2575 1811 2613 Ex
1836 2565 1955 2615 quibus
1976 2567 2086 2606 verbis
2104 2566 2190 2608 ſicut
2209 2566 2382 2618 adpareat,

2250 2645 2381 2674 COLV-

1009 2716 1040 2759 c)
1058 2716 1093 2749 de
1115 2729 1150 2752 re
1166 2716 1277 2762 ruſtica
1300 2719 1356 2759 lib.
1379 2721 1405 2756 I.
1427 2726 1489 2764 cap.
1502 2731 1531 2760 9.
1547 2730 1583 2764 p.
1598 2726 1642 2766 36.
1692 2730 1767 2761 edit.
1784 2728 1882 2767 Pariſ,
1899 2731 1936 2763 de
1951 2740 1980 2765 a.
1997 2733 2105 2772 1543.
