<?xml version="1.0" encoding="utf-8"?>
<PcGts xmlns="http://schema.primaresearch.org/PAGE/gts/pagecontent/2019-07-15" xmlns:xsi="http://www.w3.org/2001/XMLSchema-instance" xsi:schemaLocation="http://schema.primaresearch.org/PAGE/gts/pagecontent/2019-07-15 http://schema.primaresearch.org/PAGE/gts/pagecontent/2019-07-15/pagecontent.xsd" pcGtsId="OCR-D-GT-FULLTEXT-22">
  <Metadata>
    <Creator>OCR-D DFG Phase III</Creator>
    <Created>2024-01-19T13:07:15Z</Created>
    <LastChange>2024-01-19T13:07:15Z</LastChange>
    <Comments>ODEM: OCR-D extension for mass digitization (2021-2024)</Comments>
    <MetadataItem type="processingStep" name="layout/segmentation/region" value="ocrd-segment-repair">
      <Labels externalModel="ocrd-tool" externalId="parameters">
        <Label value="False" type="sanitize"/>
        <Label value="5" type="sanitize_padding"/>
        <Label value="0" type="simplify"/>
        <Label value="False" type="plausibilize"/>
        <Label value="0.9" type="plausibilize_merge_min_overlap"/>
        <Label value="0" type="spread"/>
        <Label value="region" type="spread_level"/>
      </Labels>
      <Labels externalModel="ocrd-tool" externalId="version">
        <Label value="0.1.24" type="ocrd-segment-repair"/>
        <Label value="2.65.0" type="ocrd/core"/>
      </Labels>
    </MetadataItem>
  </Metadata>
  <Page imageFilename="https://opendata.uni-halle.de/retrieve/1bb32f61-d440-47b6-a619-81bee8c40058/00000130.jpg" imageWidth="2535" imageHeight="2882" type="content" primaryLanguage="Latin">
    <Border>
      <Coords points="365,309 368,2766 2439,2772 2415,322"/>
    </Border>
    <ReadingOrder>
      <OrderedGroup id="ro_1676453002989" caption="Regions reading order">
        <RegionRefIndexed index="0" regionRef="region_1676452707015_2667"/>
        <RegionRefIndexed index="1" regionRef="region_1676452715102_2676"/>
        <RegionRefIndexed index="2" regionRef="region0009"/>
        <RegionRefIndexed index="3" regionRef="region_1676452964512_2795"/>
      </OrderedGroup>
    </ReadingOrder>
    <TextRegion id="region_1676452707015_2667" custom="readingOrder {index:0;} structure {type:page-number;}" type="page-number">
      <Coords points="982,465 982,530 1065,530 1065,465"/>
      <TextLine id="line_1676452707103_2670" custom="readingOrder {index:0;}">
        <Coords points="982,465 982,530 1065,530 1065,465"/>
        <Word id="word_1676452707171_2673" custom="readingOrder {index:0;}">
          <Coords points="982,465 1065,465 1065,530 982,530"/>
          <TextEquiv>
            <Unicode>98</Unicode>
          </TextEquiv>
        </Word>
        <TextEquiv>
          <Unicode>98</Unicode>
        </TextEquiv>
      </TextLine>
      <TextEquiv>
        <Unicode>98</Unicode>
      </TextEquiv>
    </TextRegion>
    <TextRegion id="region_1676452715102_2676" custom="readingOrder {index:1;} structure {type:header;}" type="header">
      <Coords points="1108,472 1108,537 2235,537 2235,472"/>
      <TextLine id="line_1676452715181_2679" custom="readingOrder {index:0;}">
        <Coords points="1108,472 2235,472 2235,537 1108,537"/>
        <Word id="word_1676452871659_2687" custom="readingOrder {index:0;}">
          <Coords points="1119,481 1193,481 1193,523 1119,523"/>
          <TextEquiv>
            <Unicode>LIB.</Unicode>
          </TextEquiv>
        </Word>
        <Word id="word_1676452873339_2690" custom="readingOrder {index:1;}">
          <Coords points="1204,477 1238,477 1238,522 1204,522"/>
          <TextEquiv>
            <Unicode>I.</Unicode>
          </TextEquiv>
        </Word>
        <Word id="word_1676452875322_2693" custom="readingOrder {index:2;}">
          <Coords points="1254,480 1354,480 1354,526 1254,526"/>
          <TextEquiv>
            <Unicode>OBS.</Unicode>
          </TextEquiv>
        </Word>
        <Word id="word_1676452877469_2696" custom="readingOrder {index:3;}">
          <Coords points="1370,475 1534,475 1534,517 1370,517"/>
          <TextEquiv>
            <Unicode>XXVIII.</Unicode>
          </TextEquiv>
        </Word>
        <Word id="word_1676452879078_2699" custom="readingOrder {index:4;}">
          <Coords points="1561,481 1625,481 1625,523 1561,523"/>
          <TextEquiv>
            <Unicode>DE</Unicode>
          </TextEquiv>
        </Word>
        <Word id="word_1676452881287_2702" custom="readingOrder {index:5;}">
          <Coords points="1653,483 1968,483 1968,525 1653,525"/>
          <TextEquiv>
            <Unicode>EXECELLENTE</Unicode>
          </TextEquiv>
        </Word>
        <Word id="word_1676452883551_2705" custom="readingOrder {index:6;}">
          <Coords points="1987,487 2215,487 2215,526 1987,526"/>
          <TextEquiv>
            <Unicode>BALSAMI</Unicode>
          </TextEquiv>
        </Word>
        <TextEquiv>
          <Unicode>LIB. I. OBS. XXVIII. DE EXECELLENTE BALSAMI</Unicode>
        </TextEquiv>
      </TextLine>
      <TextEquiv>
        <Unicode>LIB. I. OBS. XXVIII. DE EXECELLENTE BALSAMI</Unicode>
      </TextEquiv>
    </TextRegion>
    <TextRegion id="region0009" custom="readingOrder {index:2;}" orientation="-0.03922536" readingDirection="left-to-right">
      <Coords points="987,571 2323,571 2327,2457 991,2457"/>
      <TextLine id="region0009_line0001" custom="readingOrder {index:0;}">
        <Coords points="1099,571 1098,605 1107,611 1108,620 1114,624 1318,625 1409,630 1576,629 1633,634 1637,637 1681,633 1685,637 1709,640 1711,631 1766,630 1774,630 1782,636 1796,631 1876,630 2191,636 2306,635 2323,631 2323,589 2161,588 2154,578 2142,578 2134,588 2131,586 2130,578 2124,574 2108,576 2103,587 2062,587 1954,584 1946,572 1928,574 1924,585 1901,585 1893,574 1881,575 1875,585 1801,584 1792,572 1778,574 1774,584 1701,585 1668,585 1651,574 1610,572 1595,573 1581,580 1559,583 1549,583 1541,573 1530,573 1521,582 1517,571 1490,571 1483,581 1377,580 1372,571 1356,571 1351,578 1348,571 1326,571 1324,577 1232,578 1221,578 1214,571"/>
        <Word id="region0009_line0001_word0000" custom="readingOrder {index:0;}">
          <Coords points="1163,583 1304,583 1304,622 1163,622"/>
          <TextEquiv conf="0.92242163">
            <Unicode>Natum</Unicode>
          </TextEquiv>
        </Word>
        <Word id="region0009_line0001_word0001" custom="readingOrder {index:1;}">
          <Coords points="1377,580 1331,580 1331,622 1421,622 1421,580"/>
          <TextEquiv conf="0.9086017">
            <Unicode>hinc</Unicode>
          </TextEquiv>
        </Word>
        <Word id="region0009_line0001_word0002" custom="readingOrder {index:2;}">
          <Coords points="1520,580 1483,580 1483,581 1449,580 1449,623 1543,623 1543,580 1523,580 1521,582"/>
          <TextEquiv conf="0.96150476">
            <Unicode>mihi</Unicode>
          </TextEquiv>
        </Word>
        <Word id="region0009_line0001_word0003" custom="readingOrder {index:3;}">
          <Coords points="1566,582 1566,627 1648,628 1648,582 1573,581"/>
          <TextEquiv conf="0.9251262">
            <Unicode>eſt,</Unicode>
          </TextEquiv>
        </Word>
        <Word id="region0009_line0001_word0004" custom="readingOrder {index:4;}">
          <Coords points="1758,630 1758,593 1680,593 1680,633 1681,633 1684,636 1709,636 1711,631"/>
          <TextEquiv conf="0.9669484">
            <Unicode>quo</Unicode>
          </TextEquiv>
        </Word>
        <Word id="region0009_line0001_word0005" custom="readingOrder {index:5;}">
          <Coords points="1798,580 1781,580 1781,631 1796,631 1857,630 1857,584 1801,584"/>
          <TextEquiv conf="0.965265">
            <Unicode>jam</Unicode>
          </TextEquiv>
        </Word>
        <Word id="region0009_line0001_word0006" custom="readingOrder {index:6;}">
          <Coords points="1897,580 1883,580 1883,622 1971,622 1971,584 1954,584 1951,580 1925,580 1924,585 1901,585"/>
          <TextEquiv conf="0.9634015">
            <Unicode>inde</Unicode>
          </TextEquiv>
        </Word>
        <Word id="region0009_line0001_word0007" custom="readingOrder {index:7;}">
          <Coords points="1999,593 2022,593 2022,622 1999,622"/>
          <TextEquiv conf="0.93219405">
            <Unicode>a</Unicode>
          </TextEquiv>
        </Word>
        <Word id="region0009_line0001_word0008" custom="readingOrder {index:8;}">
          <Coords points="2130,580 2106,580 2103,587 2062,587 2046,586 2046,623 2173,623 2173,588 2161,588 2155,580 2140,580 2134,588 2131,586"/>
          <TextEquiv conf="0.8667349">
            <Unicode>multis</Unicode>
          </TextEquiv>
        </Word>
        <Word id="region0009_line0001_word0009" custom="readingOrder {index:9;}">
          <Coords points="2207,594 2277,594 2277,622 2207,622"/>
          <TextEquiv conf="0.93077284">
            <Unicode>an-</Unicode>
          </TextEquiv>
        </Word>
        <TextEquiv conf="0.9342971">
          <Unicode>Natum hinc mihi eſt, quo jam inde a multis an-</Unicode>
        </TextEquiv>
      </TextLine>
      <TextLine id="region0009_line0002" custom="readingOrder {index:1;}">
        <Coords points="1030,625 1022,637 988,637 988,684 1224,684 1259,687 1266,694 1276,694 1282,689 1324,687 1530,689 1532,696 1541,700 1557,698 1562,689 1798,689 1800,699 1805,700 1827,695 1832,689 1839,688 1905,687 1964,689 1969,693 1983,696 1989,691 2017,691 2033,704 2041,704 2046,701 2047,691 2317,695 2322,690 2323,677 2323,635 2236,637 2229,641 2227,648 2214,647 2211,638 2207,636 2192,637 2187,646 2127,646 2125,638 2119,634 2104,635 2099,646 2000,645 1975,642 1895,642 1892,633 1888,631 1876,631 1868,635 1864,632 1849,632 1843,643 1803,642 1796,633 1782,637 1774,631 1763,632 1759,642 1711,642 1682,636 1676,642 1615,642 1613,637 1606,633 1596,633 1590,641 1584,641 1580,631 1568,630 1561,634 1559,640 1548,631 1534,631 1522,640 1403,642 1402,635 1397,630 1367,627 1351,629 1347,641 1327,641 1323,628 1310,626 1305,627 1300,633 1300,640 1295,641 1290,638 1210,637 1208,630 1200,625 1188,625 1175,635 1139,634 1134,633 1126,625 1113,625 1102,633 1065,636 1049,636 1045,627"/>
        <Word id="region0009_line0002_word0000" custom="readingOrder {index:0;}">
          <Coords points="1003,638 1061,638 1061,679 1003,679"/>
          <TextEquiv conf="0.93177104">
            <Unicode>nis</Unicode>
          </TextEquiv>
        </Word>
        <Word id="region0009_line0002_word0001" custom="readingOrder {index:1;}">
          <Coords points="1077,638 1161,638 1161,677 1077,677"/>
          <TextEquiv>
            <Unicode>uſus</Unicode>
          </TextEquiv>
        </Word>
        <Word id="region0009_line0002_word0002" custom="readingOrder {index:2;}">
          <Coords points="1210,637 1180,637 1180,684 1224,684 1259,687 1280,687 1280,637"/>
          <TextEquiv conf="0.9266134">
            <Unicode>ſum,</Unicode>
          </TextEquiv>
        </Word>
        <Word id="region0009_line0002_word0003" custom="readingOrder {index:3;}">
          <Coords points="1324,634 1309,634 1309,678 1515,678 1515,640 1403,642 1402,635 1401,634 1349,634 1347,641 1327,641"/>
          <TextEquiv conf="0.9068066">
            <Unicode>balſamum</Unicode>
          </TextEquiv>
        </Word>
        <Word id="region0009_line0002_word0004" custom="readingOrder {index:4;}">
          <Coords points="1554,636 1527,636 1525,637 1525,688 1530,689 1530,690 1561,690 1562,689 1759,689 1759,642 1711,642 1685,636 1681,636 1676,642 1615,642 1613,637 1611,636 1593,636 1590,641 1584,641 1582,636 1560,636 1559,640"/>
          <TextEquiv conf="0.9122637">
            <Unicode>ſpirituoſum</Unicode>
          </TextEquiv>
        </Word>
        <Word id="word_1643712810798_5253" custom="readingOrder {index:5;}">
          <Coords points="1780,636 1769,636 1769,689 1798,689 1799,693 1828,693 1829,693 1832,689 1839,688 1905,687 1945,688 1954,688 1983,686 1983,665 1954,642 1895,642 1893,636 1847,636 1843,643 1803,642 1798,636 1786,636 1782,637 1781,636"/>
          <TextEquiv>
            <Unicode>liquidum,</Unicode>
          </TextEquiv>
        </Word>
        <Word id="region0009_line0002_word0007" custom="readingOrder {index:6;}">
          <Coords points="2114,692 2119,692 2119,636 2103,636 2099,646 2014,645 2014,691 2017,691 2018,692 2046,692 2047,691"/>
          <TextEquiv conf="0.96516395">
            <Unicode>quod</Unicode>
          </TextEquiv>
        </Word>
        <Word id="region0009_line0002_word0008" custom="readingOrder {index:7;}">
          <Coords points="2138,651 2186,651 2186,678 2138,678"/>
          <TextEquiv conf="0.9274692">
            <Unicode>ex</Unicode>
          </TextEquiv>
        </Word>
        <Word id="region0009_line0002_word0009" custom="readingOrder {index:8;}">
          <Coords points="2211,638 2197,638 2197,679 2277,679 2277,638 2234,638 2229,641 2227,648 2214,647"/>
          <TextEquiv conf="0.89370173">
            <Unicode>bal-</Unicode>
          </TextEquiv>
        </Word>
        <TextEquiv>
          <Unicode>nis uſus ſum, balſamum ſpirituoſum liquidum, quod ex bal-</Unicode>
        </TextEquiv>
      </TextLine>
      <TextLine id="region0009_line0003" custom="readingOrder {index:2;}">
        <Coords points="1084,684 1079,688 1077,695 1049,693 1029,685 988,687 988,741 1105,742 1126,743 1132,747 1147,744 1323,745 1343,746 1347,756 1360,752 1367,753 1374,745 1501,746 1524,755 1532,754 1538,749 1587,747 1987,747 2029,748 2063,759 2111,760 2121,763 2137,761 2141,753 2149,752 2265,753 2323,750 2323,716 2267,708 2264,700 2254,695 2245,696 2239,706 2207,706 2199,695 2186,696 2180,705 2033,705 2017,692 2010,696 2008,702 1984,702 1982,696 1972,695 1964,690 1905,688 1885,690 1879,699 1863,699 1857,690 1839,689 1833,694 1805,701 1767,700 1759,691 1745,692 1740,701 1727,701 1721,692 1710,691 1701,701 1532,701 1500,700 1498,694 1491,689 1478,690 1473,700 1460,700 1454,690 1439,688 1419,689 1417,699 1395,697 1388,689 1375,689 1369,697 1267,698 1259,688 1243,688 1239,697 1230,697 1228,688 1224,685 1205,685 1200,697 1156,697 1103,695 1096,685"/>
        <Word id="region0009_line0003_word0000" custom="readingOrder {index:0;}">
          <Coords points="1129,696 1003,696 1003,741 1105,742 1126,743 1127,744 1143,744 1143,696"/>
          <TextEquiv>
            <Unicode>ſamis,</Unicode>
          </TextEquiv>
        </Word>
        <Word id="region0009_line0003_word0002" custom="readingOrder {index:1;}">
          <Coords points="1229,693 1201,693 1200,697 1182,697 1182,737 1278,737 1278,697 1267,698 1263,693 1240,693 1239,697 1230,697"/>
          <TextEquiv conf="0.92416686">
            <Unicode>oleis</Unicode>
          </TextEquiv>
        </Word>
        <Word id="region0009_line0003_word0003" custom="readingOrder {index:2;}">
          <Coords points="1392,694 1371,694 1369,697 1307,697 1307,744 1323,745 1343,746 1344,750 1369,750 1374,745 1501,746 1511,750 1534,750 1534,701 1532,701 1500,700 1498,694 1476,694 1473,700 1460,700 1456,694 1418,694 1417,699 1395,697"/>
          <TextEquiv conf="0.90425">
            <Unicode>cephalicis,</Unicode>
          </TextEquiv>
        </Word>
        <Word id="region0009_line0003_word0004" custom="readingOrder {index:3;}">
          <Coords points="1724,697 1704,697 1701,701 1559,701 1559,738 1779,739 1779,700 1767,700 1765,697 1741,697 1740,701 1727,701"/>
          <TextEquiv>
            <Unicode>aromaticis</Unicode>
          </TextEquiv>
        </Word>
        <Word id="region0009_line0003_word0005" custom="readingOrder {index:4;}">
          <Coords points="1861,696 1825,696 1806,700 1806,746 2076,746 2076,705 2033,705 2021,696 2010,696 2008,702 1984,702 1982,696 1881,696 1879,699 1863,699"/>
          <TextEquiv>
            <Unicode>ſeleƈtiſſimis,</Unicode>
          </TextEquiv>
        </Word>
        <Word id="region0009_line0003_word0006" custom="readingOrder {index:5;}">
          <Coords points="2200,697 2185,697 2180,705 2116,705 2116,749 2281,749 2281,710 2267,708 2264,700 2258,697 2244,697 2239,706 2207,706"/>
          <TextEquiv conf="0.9163182">
            <Unicode>puriori-</Unicode>
          </TextEquiv>
        </Word>
        <TextEquiv>
          <Unicode>ſamis, oleis cephalicis, aromaticis ſeleƈtiſſimis, puriori-</Unicode>
        </TextEquiv>
      </TextLine>
      <TextLine id="region0009_line0004" custom="readingOrder {index:3;}">
        <Coords points="988,742 988,800 1129,800 1236,804 1306,804 1316,801 1357,804 1606,804 1609,813 1618,817 1636,814 1640,805 1823,807 2013,803 2160,810 2323,811 2323,763 2121,764 2111,761 2025,760 2020,749 2002,749 1998,757 1994,758 1991,750 1987,748 1964,749 1958,757 1910,757 1899,755 1891,748 1877,748 1814,749 1804,752 1795,759 1764,759 1701,758 1699,752 1692,748 1672,749 1664,758 1524,756 1512,754 1501,747 1482,748 1478,754 1388,757 1386,747 1374,746 1367,754 1360,753 1351,757 1297,757 1294,746 1278,745 1271,748 1269,757 1246,757 1185,755 1171,753 1163,745 1132,748 1126,744 1105,743 1072,745 1061,753 1040,753 1035,752 1031,744"/>
        <Word id="region0009_line0004_word0000" custom="readingOrder {index:0;}">
          <Coords points="1034,750 1004,750 1004,793 1073,793 1073,750 1065,750 1061,753 1040,753 1035,752"/>
          <TextEquiv conf="0.8906487">
            <Unicode>bus</Unicode>
          </TextEquiv>
        </Word>
        <Word id="region0009_line0004_word0001" custom="readingOrder {index:1;}">
          <Coords points="1083,750 1119,750 1119,791 1083,791"/>
          <TextEquiv conf="0.8906487">
            <Unicode>&amp;</Unicode>
          </TextEquiv>
        </Word>
        <Word id="region0009_line0004_word0002" custom="readingOrder {index:2;}">
          <Coords points="1168,750 1141,750 1141,793 1440,793 1440,755 1388,757 1386,750 1370,750 1367,754 1360,753 1351,757 1297,757 1295,750 1270,750 1269,757 1246,757 1185,755 1171,753"/>
          <TextEquiv conf="0.9008463">
            <Unicode>ſuaveolentibus</Unicode>
          </TextEquiv>
        </Word>
        <Word id="region0009_line0004_word0003" custom="readingOrder {index:3;}">
          <Coords points="1507,751 1480,751 1478,754 1459,755 1459,791 1508,791 1508,751"/>
          <TextEquiv conf="0.92207927">
            <Unicode>eſt</Unicode>
          </TextEquiv>
        </Word>
        <Word id="region0009_line0004_word0004" custom="readingOrder {index:4;}">
          <Coords points="1695,750 1672,750 1664,758 1524,756 1524,804 1606,804 1606,804 1792,805 1792,759 1764,759 1701,758 1699,752"/>
          <TextEquiv conf="0.92203325">
            <Unicode>compoſitum.</Unicode>
          </TextEquiv>
        </Word>
        <Word id="region0009_line0004_word0005" custom="readingOrder {index:5;}">
          <Coords points="1897,754 1851,754 1851,793 1942,793 1942,757 1910,757 1899,755"/>
          <TextEquiv conf="0.9061187">
            <Unicode>Hæc</Unicode>
          </TextEquiv>
        </Word>
        <Word id="region0009_line0004_word0006" custom="readingOrder {index:6;}">
          <Coords points="1991,752 1962,752 1962,792 2160,792 2160,763 2121,764 2111,761 2025,760 2021,752 2000,752 1998,757 1994,758"/>
          <TextEquiv conf="0.9194518">
            <Unicode>ſolvuntur</Unicode>
          </TextEquiv>
        </Word>
        <Word id="region0009_line0004_word0007" custom="readingOrder {index:7;}">
          <Coords points="2177,764 2281,764 2281,792 2177,792"/>
          <TextEquiv conf="0.9195066">
            <Unicode>certa</Unicode>
          </TextEquiv>
        </Word>
        <TextEquiv conf="0.90891665">
          <Unicode>bus &amp; ſuaveolentibus eſt compoſitum. Hæc ſolvuntur certa</Unicode>
        </TextEquiv>
      </TextLine>
      <TextLine id="region0009_line0005" custom="readingOrder {index:4;}">
        <Coords points="1012,801 988,802 988,859 1009,859 1032,871 1037,868 1039,861 1579,861 1580,870 1589,873 1610,872 1612,863 1748,864 1789,867 1794,872 1807,871 1812,867 1884,864 1886,874 1891,876 1914,874 1916,862 2099,864 2116,865 2123,874 2133,874 2140,867 2323,866 2323,833 2283,832 2282,818 2279,814 2258,811 2246,811 2226,819 2211,820 2206,811 2193,810 2187,813 2185,820 2151,820 2145,819 2136,809 2124,809 2119,818 2091,817 2089,809 2085,807 2071,807 2065,816 2021,816 2016,805 2004,804 1996,805 1991,816 1761,817 1715,816 1710,807 1697,806 1691,809 1688,816 1618,818 1562,814 1554,804 1540,805 1535,814 1505,814 1502,806 1496,803 1463,804 1460,807 1454,804 1442,805 1436,814 1424,814 1383,812 1374,804 1357,805 1353,808 1348,805 1336,806 1328,802 1316,802 1305,805 1302,810 1266,815 1248,815 1243,806 1231,804 1224,809 1222,816 1207,816 1198,805 1186,806 1180,815 1163,815 1092,813 1087,805 1074,803 1066,813 1059,813 1057,806 1051,802 1043,802 1036,809 1030,803"/>
        <Word id="region0009_line0005_word0000" custom="readingOrder {index:0;}">
          <Coords points="1058,811 1003,811 1003,859 1009,859 1018,864 1038,864 1039,861 1147,861 1147,814 1092,813 1090,811 1067,811 1066,813 1059,813"/>
          <TextEquiv conf="0.92639816">
            <Unicode>ſpiritus</Unicode>
          </TextEquiv>
        </Word>
        <Word id="region0009_line0005_word0001" custom="readingOrder {index:1;}">
          <Coords points="1205,814 1180,814 1180,815 1163,815 1162,814 1162,853 1240,853 1240,814 1222,814 1222,816 1207,816"/>
          <TextEquiv conf="0.9147164">
            <Unicode>vini</Unicode>
          </TextEquiv>
        </Word>
        <Word id="region0009_line0005_word0002" custom="readingOrder {index:2;}">
          <Coords points="1381,811 1294,811 1266,815 1260,815 1260,855 1555,855 1555,811 1536,811 1535,814 1505,814 1503,811 1438,811 1436,814 1424,814 1383,812"/>
          <TextEquiv>
            <Unicode>reƈtificatiſſimi</Unicode>
          </TextEquiv>
        </Word>
        <Word id="region0009_line0005_word0003" custom="readingOrder {index:3;}">
          <Coords points="1712,811 1689,811 1688,816 1618,818 1575,814 1575,861 1579,861 1579,866 1611,866 1612,863 1748,864 1787,866 1810,867 1810,816 1761,817 1715,816"/>
          <TextEquiv conf="0.90726733">
            <Unicode>quantitate,</Unicode>
          </TextEquiv>
        </Word>
        <Word id="region0009_line0005_word0004" custom="readingOrder {index:4;}">
          <Coords points="1958,862 1958,821 1839,821 1839,865 1884,864 1884,867 1915,867 1916,862"/>
          <TextEquiv conf="0.9269562">
            <Unicode>atque</Unicode>
          </TextEquiv>
        </Word>
        <Word id="region0009_line0005_word0005" custom="readingOrder {index:5;}">
          <Coords points="2018,810 1993,810 1991,816 1974,816 1974,852 2060,852 2060,816 2021,816"/>
          <TextEquiv conf="0.9174263">
            <Unicode>adeo</Unicode>
          </TextEquiv>
        </Word>
        <Word id="region0009_line0005_word0006" custom="readingOrder {index:6;}">
          <Coords points="2089,812 2079,812 2079,863 2178,863 2178,820 2151,820 2145,819 2138,812 2122,812 2119,818 2091,817"/>
          <TextEquiv conf="0.91316634">
            <Unicode>hujus</Unicode>
          </TextEquiv>
        </Word>
        <Word id="region0009_line0005_word0007" custom="readingOrder {index:7;}">
          <Coords points="2207,813 2195,813 2195,854 2282,854 2282,818 2279,814 2272,813 2241,813 2226,819 2211,820"/>
          <TextEquiv conf="0.92239">
            <Unicode>bal-</Unicode>
          </TextEquiv>
        </Word>
        <TextEquiv conf="0.91814226">
          <Unicode>ſpiritus vini reƈtificatiſſimi quantitate, atque adeo hujus bal-</Unicode>
        </TextEquiv>
      </TextLine>
      <TextLine id="region0009_line0006" custom="readingOrder {index:5;}">
        <Coords points="1007,860 997,865 988,865 988,919 1068,920 1093,923 1100,928 1111,928 1117,924 1146,923 1149,931 1160,933 1174,931 1177,920 1278,919 1326,924 1333,929 1342,930 1356,928 1361,924 1419,917 1485,916 1626,917 1652,924 1669,921 1837,920 1853,923 1856,931 1868,933 1882,931 1885,922 1924,922 1926,929 1932,933 1950,932 1954,922 2323,927 2323,880 2261,880 2255,869 2239,869 2233,879 2206,879 2191,878 2185,869 2169,869 2164,877 2096,876 2091,867 2074,864 2059,864 2053,876 1891,877 1880,874 1589,874 1581,871 1448,871 1442,863 1426,863 1421,871 1415,872 1338,871 1334,863 1315,864 1311,871 1256,872 1252,863 1231,862 1225,872 1219,873 1101,874 1097,873 1090,863 1078,863 1072,873 1035,873"/>
        <Word id="region0009_line0006_word0000" custom="readingOrder {index:0;}">
          <Coords points="1022,867 1001,867 1001,917 1114,917 1114,873 1101,874 1097,873 1092,867 1075,867 1072,873 1035,873"/>
          <TextEquiv conf="0.9032701">
            <Unicode>ſami,</Unicode>
          </TextEquiv>
        </Word>
        <Word id="region0009_line0006_word0001" custom="readingOrder {index:1;}">
          <Coords points="1249,919 1249,867 1228,867 1225,872 1219,873 1145,873 1145,923 1146,923 1176,923 1177,920"/>
          <TextEquiv conf="0.9669441">
            <Unicode>quod</Unicode>
          </TextEquiv>
        </Word>
        <Word id="region0009_line0006_word0002" custom="readingOrder {index:2;}">
          <Coords points="1338,870 1312,870 1311,871 1269,872 1269,919 1278,919 1297,921 1386,921 1386,921 1386,872 1338,871"/>
          <TextEquiv conf="0.9325047">
            <Unicode>vulgo</Unicode>
          </TextEquiv>
        </Word>
        <Word id="region0009_line0006_word0003" custom="readingOrder {index:3;}">
          <Coords points="1448,871 1421,871 1415,872 1405,871 1405,909 1489,909 1489,871"/>
          <TextEquiv conf="0.90874153">
            <Unicode>vitæ</Unicode>
          </TextEquiv>
        </Word>
        <Word id="region0009_line0006_word0004" custom="readingOrder {index:4;}">
          <Coords points="1507,881 1672,882 1672,917 1507,916"/>
          <TextEquiv conf="0.9059974">
            <Unicode>vocant,</Unicode>
          </TextEquiv>
        </Word>
        <Word id="region0009_line0006_word0005" custom="readingOrder {index:5;}">
          <Coords points="1701,881 1835,881 1835,910 1701,910"/>
          <TextEquiv conf="0.9173489">
            <Unicode>arcana</Unicode>
          </TextEquiv>
        </Word>
        <Word id="region0009_line0006_word0006" custom="readingOrder {index:6;}">
          <Coords points="1954,922 2090,922 2090,868 2057,868 2053,876 1891,877 1880,874 1862,874 1862,922 1885,922 1924,922"/>
          <TextEquiv conf="0.9130116">
            <Unicode>præparandi</Unicode>
          </TextEquiv>
        </Word>
        <Word id="region0009_line0006_word0007" custom="readingOrder {index:7;}">
          <Coords points="2187,872 2167,872 2164,877 2117,876 2117,912 2213,912 2213,879 2206,879 2191,878"/>
          <TextEquiv conf="0.9632167">
            <Unicode>ratio</Unicode>
          </TextEquiv>
        </Word>
        <Word id="region0009_line0006_word0008" custom="readingOrder {index:8;}">
          <Coords points="2256,872 2241,872 2241,912 2281,912 2281,880 2261,880"/>
          <TextEquiv conf="0.9674986">
            <Unicode>in</Unicode>
          </TextEquiv>
        </Word>
        <TextEquiv conf="0.9309482">
          <Unicode>ſami, quod vulgo vitæ vocant, arcana præparandi ratio in</Unicode>
        </TextEquiv>
      </TextLine>
      <TextLine id="region0009_line0007" custom="readingOrder {index:6;}">
        <Coords points="1568,917 1563,920 1561,926 1550,927 1437,928 1431,919 1419,918 1411,929 1290,930 1282,921 1271,921 1264,930 1165,934 1049,930 1045,921 1029,920 1022,930 988,932 988,978 1189,978 1192,988 1201,991 1214,989 1219,977 1345,977 1368,979 1374,984 1384,984 1391,979 1413,979 1449,973 1464,974 1470,987 1495,985 1497,974 1721,975 1864,979 1867,986 1891,990 1895,987 1897,978 1935,978 1937,987 1942,991 1959,991 1964,987 1966,980 2179,985 2260,985 2323,980 2323,944 2238,936 2174,934 2168,933 2159,925 2144,925 2136,934 2104,936 2055,935 2052,929 2044,924 2035,924 2027,933 2020,934 1868,934 1847,932 1845,924 1837,921 1826,923 1824,931 1721,931 1678,930 1676,923 1673,922 1653,925 1652,929 1638,928 1634,921 1626,918 1611,918 1601,927 1589,926 1586,918"/>
        <Word id="region0009_line0007_word0000" custom="readingOrder {index:0;}">
          <Coords points="1046,924 1026,924 1022,930 1004,931 1004,967 1180,967 1180,933 1165,934 1049,930"/>
          <TextEquiv conf="0.89798236">
            <Unicode>oleorum</Unicode>
          </TextEquiv>
        </Word>
        <Word id="region0009_line0007_word0001" custom="readingOrder {index:1;}">
          <Coords points="1286,926 1267,926 1264,930 1199,932 1199,980 1217,980 1219,977 1345,977 1368,979 1369,980 1389,980 1389,929 1290,930"/>
          <TextEquiv conf="0.92469484">
            <Unicode>puritate,</Unicode>
          </TextEquiv>
        </Word>
        <Word id="region0009_line0007_word0002" custom="readingOrder {index:2;}">
          <Coords points="1435,925 1418,925 1418,978 1449,973 1464,974 1466,980 1495,980 1497,974 1536,974 1536,927 1437,928"/>
          <TextEquiv conf="0.9148503">
            <Unicode>inque</Unicode>
          </TextEquiv>
        </Word>
        <Word id="region0009_line0007_word0003" custom="readingOrder {index:3;}">
          <Coords points="1589,925 1561,925 1561,926 1556,926 1556,966 1708,967 1708,931 1678,930 1677,926 1653,926 1652,929 1638,928 1637,926 1603,925 1601,927 1589,926"/>
          <TextEquiv conf="0.9194478">
            <Unicode>definita</Unicode>
          </TextEquiv>
        </Word>
        <Word id="region0009_line0007_word0004" custom="readingOrder {index:4;}">
          <Coords points="1845,924 1825,924 1824,931 1727,931 1727,966 1861,966 1861,933 1847,932"/>
          <TextEquiv conf="0.9179423">
            <Unicode>eorum</Unicode>
          </TextEquiv>
        </Word>
        <Word id="region0009_line0007_word0005" custom="readingOrder {index:5;}">
          <Coords points="2048,927 2032,927 2027,933 2020,934 1873,934 1873,978 1897,978 1935,978 2125,978 2125,934 2104,936 2055,935 2052,929"/>
          <TextEquiv conf="0.9045984">
            <Unicode>proportione</Unicode>
          </TextEquiv>
        </Word>
        <Word id="region0009_line0007_word0006" custom="readingOrder {index:6;}">
          <Coords points="2160,926 2143,926 2137,932 2137,967 2174,967 2174,934 2168,933"/>
          <TextEquiv conf="0.9288283">
            <Unicode>&amp;</Unicode>
          </TextEquiv>
        </Word>
        <Word id="region0009_line0007_word0007" custom="readingOrder {index:7;}">
          <Coords points="2248,937 2186,937 2186,968 2280,968 2280,939"/>
          <TextEquiv conf="0.88893515">
            <Unicode>con-</Unicode>
          </TextEquiv>
        </Word>
        <TextEquiv conf="0.9121599">
          <Unicode>oleorum puritate, inque definita eorum proportione &amp; con-</Unicode>
        </TextEquiv>
      </TextLine>
      <TextLine id="region0009_line0008" custom="readingOrder {index:7;}">
        <Coords points="1449,974 1442,977 1440,986 1366,986 1359,979 1329,978 1324,981 1322,988 1281,988 1265,987 1256,978 1244,978 1237,983 1231,979 1223,979 1214,990 1202,992 1177,991 1175,985 1168,980 1156,981 1151,991 1100,990 1093,980 1079,980 1073,990 988,990 988,1034 1132,1038 1624,1032 1852,1033 1890,1031 1895,1026 1894,993 1869,987 1730,986 1727,979 1721,976 1708,977 1703,985 1567,984 1560,975 1548,975 1541,985 1532,985 1527,980 1517,980 1510,985 1470,988 1464,975"/>
        <Word id="region0009_line0008_word0000" custom="readingOrder {index:0;}">
          <Coords points="1095,983 1077,983 1073,990 1006,990 1006,1024 1170,1024 1170,983 1155,983 1151,991 1100,990"/>
          <TextEquiv conf="0.9179827">
            <Unicode>venienti</Unicode>
          </TextEquiv>
        </Word>
        <Word id="region0009_line0008_word0001" custom="readingOrder {index:1;}">
          <Coords points="1237,983 1219,983 1214,990 1202,992 1182,991 1182,1025 1360,1025 1360,983 1323,983 1322,988 1281,988 1265,987 1261,983"/>
          <TextEquiv conf="0.88695574">
            <Unicode>miſcendi</Unicode>
          </TextEquiv>
        </Word>
        <Word id="region0009_line0008_word0002" custom="readingOrder {index:2;}">
          <Coords points="1466,980 1441,980 1440,986 1370,986 1370,1024 1489,1024 1489,986 1470,988"/>
          <TextEquiv conf="0.92907274">
            <Unicode>modo</Unicode>
          </TextEquiv>
        </Word>
        <Word id="region0009_line0008_word0003" custom="readingOrder {index:3;}">
          <Coords points="1531,984 1511,984 1510,985 1499,986 1499,1023 1608,1024 1608,985 1541,984 1541,985 1532,985"/>
          <TextEquiv conf="0.8731073">
            <Unicode>unice</Unicode>
          </TextEquiv>
        </Word>
        <Word id="region0009_line0008_word0004" custom="readingOrder {index:4;}">
          <Coords points="1729,984 1703,984 1703,985 1617,984 1617,1024 1846,1024 1846,986 1730,986"/>
          <TextEquiv conf="0.9172561">
            <Unicode>continetur.</Unicode>
          </TextEquiv>
        </Word>
        <TextEquiv conf="0.9048749">
          <Unicode>venienti miſcendi modo unice continetur.</Unicode>
        </TextEquiv>
      </TextLine>
      <TextLine id="region0009_line0009" custom="readingOrder {index:8;}">
        <Coords points="1827,1032 1818,1035 1812,1044 1800,1045 1794,1045 1793,1037 1788,1033 1738,1034 1732,1044 1527,1045 1513,1045 1508,1034 1490,1034 1486,1045 1455,1046 1289,1047 1282,1038 1269,1038 1263,1047 1246,1047 1238,1038 1227,1038 1223,1041 1205,1037 1115,1039 1107,1045 1107,1076 1108,1087 1113,1092 1228,1092 1253,1105 1266,1104 1273,1096 1325,1094 1351,1094 1357,1103 1373,1105 1379,1104 1384,1094 1616,1092 1879,1094 1923,1091 2061,1093 2063,1100 2088,1098 2090,1095 2174,1095 2205,1098 2214,1104 2229,1107 2237,1098 2269,1098 2323,1092 2323,1057 2284,1055 2278,1049 2268,1049 2263,1053 2203,1051 2193,1050 2185,1040 2174,1040 2166,1049 2155,1049 2152,1043 2144,1038 2133,1039 2127,1048 2062,1046 2053,1034 2039,1035 2033,1045 1872,1044 1864,1034 1848,1036 1839,1032"/>
        <Word id="region0009_line0009_word0000" custom="readingOrder {index:0;}">
          <Coords points="1225,1039 1223,1041 1205,1037 1167,1037 1167,1092 1225,1092"/>
          <TextEquiv conf="0.8089657">
            <Unicode>Ut</Unicode>
          </TextEquiv>
        </Word>
        <Word id="region0009_line0009_word0001" custom="readingOrder {index:1;}">
          <Coords points="1242,1043 1224,1041 1224,1090 1228,1092 1233,1095 1299,1095 1325,1094 1347,1094 1347,1046 1289,1047 1285,1043 1265,1043 1263,1047 1246,1047"/>
          <TextEquiv conf="0.9177793">
            <Unicode>igitur</Unicode>
          </TextEquiv>
        </Word>
        <Word id="region0009_line0009_word0002" custom="readingOrder {index:2;}">
          <Coords points="1511,1041 1487,1041 1486,1045 1455,1046 1361,1046 1361,1095 1383,1095 1384,1094 1595,1092 1595,1044 1527,1045 1513,1045"/>
          <TextEquiv conf="0.90428835">
            <Unicode>procedente</Unicode>
          </TextEquiv>
        </Word>
        <Word id="region0009_line0009_word0003" custom="readingOrder {index:3;}">
          <Coords points="1612,1053 1718,1053 1718,1085 1612,1085"/>
          <TextEquiv conf="0.9309933">
            <Unicode>ætate</Unicode>
          </TextEquiv>
        </Word>
        <Word id="region0009_line0009_word0004" custom="readingOrder {index:4;}">
          <Coords points="1793,1042 1736,1042 1736,1087 1935,1087 1935,1044 1872,1044 1870,1042 1813,1042 1812,1044 1800,1045 1794,1045"/>
          <TextEquiv>
            <Unicode>ſeleƈtiora</Unicode>
          </TextEquiv>
        </Word>
        <Word id="region0009_line0009_word0005" custom="readingOrder {index:5;}">
          <Coords points="1950,1055 1999,1055 1999,1084 1950,1084"/>
          <TextEquiv conf="0.9153178">
            <Unicode>ex</Unicode>
          </TextEquiv>
        </Word>
        <Word id="region0009_line0009_word0006" custom="readingOrder {index:6;}">
          <Coords points="2059,1042 2034,1042 2033,1045 2018,1044 2018,1092 2061,1093 2062,1097 2088,1097 2090,1095 2174,1095 2194,1097 2205,1097 2205,1051 2203,1051 2193,1050 2186,1042 2172,1042 2166,1049 2155,1049 2152,1043 2150,1042 2131,1042 2127,1048 2062,1046"/>
          <TextEquiv conf="0.91746444">
            <Unicode>chymicis</Unicode>
          </TextEquiv>
        </Word>
        <Word id="region0009_line0009_word0007" custom="readingOrder {index:7;}">
          <Coords points="2233,1052 2215,1052 2215,1098 2237,1098 2269,1098 2283,1096 2283,1054 2281,1052 2264,1052 2263,1053"/>
          <TextEquiv conf="0.86705804">
            <Unicode>pa-</Unicode>
          </TextEquiv>
        </Word>
        <TextEquiv conf="0.8932944">
          <Unicode>Ut igitur procedente ætate ſeleƈtiora ex chymicis pa-</Unicode>
        </TextEquiv>
      </TextLine>
      <TextLine id="region0009_line0010" custom="readingOrder {index:9;}">
        <Coords points="1908,1092 1888,1094 1885,1105 1842,1106 1727,1105 1721,1095 1706,1095 1700,1104 1588,1103 1582,1095 1569,1093 1559,1103 1555,1093 1540,1093 1534,1097 1532,1103 1496,1104 1490,1095 1477,1094 1470,1104 1373,1106 1359,1105 1351,1097 1344,1095 1299,1096 1294,1101 1294,1107 1288,1108 1253,1106 1233,1094 1222,1093 1213,1095 1211,1104 988,1108 988,1152 1093,1155 1239,1151 1243,1148 1252,1148 1257,1151 1272,1150 1281,1157 1288,1158 1295,1152 1364,1149 1379,1150 1384,1162 1399,1164 1411,1160 1411,1150 1949,1153 1989,1155 1999,1162 2014,1154 2269,1157 2294,1151 2323,1149 2323,1116 2286,1115 2277,1107 2266,1108 2262,1099 2243,1099 2229,1108 2205,1100 2199,1107 2183,1107 2181,1100 2174,1096 2157,1097 2153,1107 2089,1107 2088,1099 2063,1101 2062,1107 1929,1105 1926,1093"/>
        <Word id="region0009_line0010_word0000" custom="readingOrder {index:0;}">
          <Coords points="1006,1112 1082,1112 1082,1142 1006,1142"/>
          <TextEquiv conf="0.92905974">
            <Unicode>rata</Unicode>
          </TextEquiv>
        </Word>
        <Word id="region0009_line0010_word0001" custom="readingOrder {index:1;}">
          <Coords points="1241,1099 1212,1099 1211,1104 1103,1105 1103,1149 1241,1149 1243,1148 1252,1148 1253,1149 1291,1149 1291,1107 1288,1108 1253,1106"/>
          <TextEquiv conf="0.9074114">
            <Unicode>remedia,</Unicode>
          </TextEquiv>
        </Word>
        <Word id="region0009_line0010_word0002" custom="readingOrder {index:2;}">
          <Coords points="1355,1101 1320,1101 1320,1139 1356,1139 1356,1102"/>
          <TextEquiv conf="0.9310068">
            <Unicode>&amp;</Unicode>
          </TextEquiv>
        </Word>
        <Word id="region0009_line0010_word0003" custom="readingOrder {index:3;}">
          <Coords points="1458,1150 1458,1113 1378,1113 1378,1149 1379,1150 1381,1157 1411,1157 1411,1150"/>
          <TextEquiv conf="0.9250407">
            <Unicode>quæ</Unicode>
          </TextEquiv>
        </Word>
        <Word id="region0009_line0010_word0004" custom="readingOrder {index:4;}">
          <Coords points="1495,1103 1478,1103 1478,1142 1516,1142 1516,1103 1496,1104"/>
          <TextEquiv conf="0.9623446">
            <Unicode>in</Unicode>
          </TextEquiv>
        </Word>
        <Word id="region0009_line0010_word0005" custom="readingOrder {index:5;}">
          <Coords points="1557,1100 1540,1100 1540,1143 1600,1144 1600,1103 1588,1103 1586,1100 1561,1100 1559,1103"/>
          <TextEquiv conf="0.96735626">
            <Unicode>his</Unicode>
          </TextEquiv>
        </Word>
        <Word id="region0009_line0010_word0006" custom="readingOrder {index:6;}">
          <Coords points="1725,1103 1700,1103 1700,1104 1617,1103 1617,1144 1784,1144 1784,1105 1727,1105"/>
          <TextEquiv conf="0.93304026">
            <Unicode>maxime</Unicode>
          </TextEquiv>
        </Word>
        <Word id="region0009_line0010_word0007" custom="readingOrder {index:7;}">
          <Coords points="1927,1099 1886,1099 1885,1105 1842,1106 1800,1105 1800,1152 1949,1153 2012,1153 2012,1106 1929,1105"/>
          <TextEquiv conf="0.8923705">
            <Unicode>excellunt,</Unicode>
          </TextEquiv>
        </Word>
        <Word id="region0009_line0010_word0008" custom="readingOrder {index:8;}">
          <Coords points="2088,1101 2063,1101 2062,1107 2043,1106 2043,1144 2131,1144 2131,1107 2089,1107"/>
          <TextEquiv conf="0.91254914">
            <Unicode>olea</Unicode>
          </TextEquiv>
        </Word>
        <Word id="region0009_line0010_word0009" custom="readingOrder {index:9;}">
          <Coords points="2181,1101 2155,1101 2153,1107 2152,1107 2152,1147 2289,1147 2289,1115 2286,1115 2277,1107 2266,1108 2262,1101 2239,1101 2229,1108 2208,1101 2204,1101 2199,1107 2183,1107"/>
          <TextEquiv>
            <Unicode>deſtil-</Unicode>
          </TextEquiv>
        </Word>
        <TextEquiv>
          <Unicode>rata remedia, &amp; quæ in his maxime excellunt, olea deſtil-</Unicode>
        </TextEquiv>
      </TextLine>
      <TextLine id="region0009_line0011" custom="readingOrder {index:10;}">
        <Coords points="1243,1149 1237,1154 1222,1152 1215,1162 1183,1163 1178,1154 1164,1153 1158,1156 1156,1164 1044,1166 1030,1166 1029,1157 1024,1154 988,1153 988,1213 1174,1213 1177,1210 1317,1209 1350,1210 1370,1214 1378,1221 1389,1221 1402,1213 1415,1215 1450,1210 1522,1212 1527,1217 1538,1217 1546,1212 1600,1209 1672,1209 1732,1213 2019,1212 2136,1217 2153,1214 2183,1217 2251,1217 2323,1212 2323,1177 2279,1171 2230,1170 2228,1161 2221,1157 2158,1157 2138,1167 2063,1167 2056,1166 2047,1156 2034,1157 2029,1165 2025,1165 2023,1157 2017,1155 1998,1164 1903,1164 1895,1154 1877,1154 1865,1165 1857,1166 1764,1166 1747,1165 1741,1157 1724,1153 1709,1154 1705,1162 1679,1162 1677,1154 1672,1151 1654,1152 1650,1162 1599,1162 1591,1160 1587,1152 1571,1151 1566,1153 1564,1160 1514,1163 1451,1163 1446,1153 1433,1152 1425,1162 1399,1165 1384,1163 1378,1153 1364,1150 1345,1151 1342,1161 1284,1161 1272,1151 1257,1152"/>
        <Word id="region0009_line0011_word0000" custom="readingOrder {index:0;}">
          <Coords points="1029,1158 1002,1158 1002,1200 1084,1200 1084,1165 1044,1166 1030,1166"/>
          <TextEquiv conf="0.9065104">
            <Unicode>lata</Unicode>
          </TextEquiv>
        </Word>
        <Word id="region0009_line0011_word0001" custom="readingOrder {index:1;}">
          <Coords points="1181,1160 1157,1160 1156,1164 1102,1164 1102,1209 1235,1209 1235,1160 1216,1160 1215,1162 1183,1163"/>
          <TextEquiv conf="0.90074396">
            <Unicode>majori</Unicode>
          </TextEquiv>
        </Word>
        <Word id="region0009_line0011_word0002" custom="readingOrder {index:2;}">
          <Coords points="1275,1154 1247,1154 1247,1200 1323,1200 1323,1161 1284,1161"/>
          <TextEquiv>
            <Unicode>ſint</Unicode>
          </TextEquiv>
        </Word>
        <Word id="region0009_line0011_word0003" custom="readingOrder {index:3;}">
          <Coords points="1380,1157 1343,1157 1342,1161 1341,1161 1341,1209 1350,1210 1360,1212 1436,1212 1450,1210 1522,1212 1541,1212 1541,1161 1514,1163 1451,1163 1448,1157 1429,1157 1425,1162 1399,1165 1384,1163"/>
          <TextEquiv conf="0.9258554">
            <Unicode>dignitate,</Unicode>
          </TextEquiv>
        </Word>
        <Word id="region0009_line0011_word0004" custom="readingOrder {index:4;}">
          <Coords points="1590,1158 1572,1158 1572,1200 1671,1201 1671,1159 1651,1158 1650,1162 1599,1162 1591,1160"/>
          <TextEquiv conf="0.92808473">
            <Unicode>haud</Unicode>
          </TextEquiv>
        </Word>
        <Word id="region0009_line0011_word0005" custom="readingOrder {index:5;}">
          <Coords points="1744,1161 1705,1161 1705,1162 1688,1162 1688,1203 1855,1203 1855,1166 1764,1166 1747,1165"/>
          <TextEquiv conf="0.9242703">
            <Unicode>alienum</Unicode>
          </TextEquiv>
        </Word>
        <Word id="region0009_line0011_word0006" custom="readingOrder {index:6;}">
          <Coords points="1900,1161 1872,1161 1872,1202 1955,1202 1955,1164 1903,1164"/>
          <TextEquiv conf="0.8998957">
            <Unicode>fore</Unicode>
          </TextEquiv>
        </Word>
        <Word id="region0009_line0011_word0007" custom="readingOrder {index:7;}">
          <Coords points="2023,1160 2006,1160 1998,1164 1965,1164 1965,1210 2153,1210 2153,1160 2152,1160 2138,1167 2063,1167 2056,1166 2050,1160 2032,1160 2029,1165 2025,1165"/>
          <TextEquiv>
            <Unicode>arbitror,</Unicode>
          </TextEquiv>
        </Word>
        <Word id="region0009_line0011_word0009" custom="readingOrder {index:8;}">
          <Coords points="2209,1217 2209,1157 2171,1157 2171,1215 2183,1217"/>
          <TextEquiv conf="0.91238314">
            <Unicode>ſi</Unicode>
          </TextEquiv>
        </Word>
        <Word id="region0009_line0011_word0010" custom="readingOrder {index:9;}">
          <Coords points="2226,1160 2210,1160 2210,1202 2285,1202 2285,1171 2279,1171 2230,1170 2228,1161"/>
          <TextEquiv conf="0.9227207">
            <Unicode>hu-</Unicode>
          </TextEquiv>
        </Word>
        <TextEquiv>
          <Unicode>lata majori ſint dignitate, haud alienum fore arbitror, ſi hu-</Unicode>
        </TextEquiv>
      </TextLine>
      <TextLine id="region0009_line0012" custom="readingOrder {index:11;}">
        <Coords points="1665,1210 1657,1213 1655,1222 1414,1221 1411,1216 1402,1214 1389,1222 1360,1222 1358,1215 1350,1211 1338,1212 1333,1221 1193,1221 1188,1212 1177,1211 1174,1214 1154,1213 1152,1221 1025,1223 1020,1214 1004,1213 999,1216 997,1223 988,1223 988,1273 996,1273 1003,1279 1013,1279 1022,1270 1027,1269 1427,1269 1462,1271 1471,1276 1502,1272 1507,1278 1514,1279 1528,1267 1555,1266 1757,1271 1992,1268 2004,1271 2008,1280 2028,1281 2034,1271 2265,1274 2323,1267 2323,1233 2177,1227 2171,1226 2170,1218 2165,1215 2131,1217 2125,1224 1812,1223 1810,1214 1796,1213 1785,1224 1774,1224 1684,1222 1680,1212"/>
        <Word id="region0009_line0012_word0000" custom="readingOrder {index:0;}">
          <Coords points="1021,1217 1005,1217 1005,1267 1062,1267 1062,1222 1025,1223"/>
          <TextEquiv conf="0.933037">
            <Unicode>jus</Unicode>
          </TextEquiv>
        </Word>
        <Word id="region0009_line0012_word0001" custom="readingOrder {index:1;}">
          <Coords points="1189,1215 1153,1215 1152,1221 1084,1222 1084,1257 1352,1257 1352,1215 1336,1215 1333,1221 1193,1221"/>
          <TextEquiv conf="0.9288709">
            <Unicode>medicamenti</Unicode>
          </TextEquiv>
        </Word>
        <Word id="region0009_line0012_word0002" custom="readingOrder {index:2;}">
          <Coords points="1412,1218 1395,1218 1389,1222 1368,1222 1368,1265 1486,1265 1486,1221 1414,1221"/>
          <TextEquiv conf="0.92038655">
            <Unicode>vires,</Unicode>
          </TextEquiv>
        </Word>
        <Word id="region0009_line0012_word0003" custom="readingOrder {index:3;}">
          <Coords points="1579,1266 1579,1227 1512,1227 1512,1269 1525,1269 1528,1267 1555,1266"/>
          <TextEquiv conf="0.93300265">
            <Unicode>per</Unicode>
          </TextEquiv>
        </Word>
        <Word id="region0009_line0012_word0004" custom="readingOrder {index:4;}">
          <Coords points="1681,1216 1656,1216 1655,1222 1598,1221 1598,1259 1805,1259 1805,1216 1793,1216 1785,1224 1774,1224 1684,1222"/>
          <TextEquiv conf="0.89214796">
            <Unicode>multorum</Unicode>
          </TextEquiv>
        </Word>
        <Word id="region0009_line0012_word0005" custom="readingOrder {index:5;}">
          <Coords points="1815,1227 1999,1227 1999,1258 1815,1258"/>
          <TextEquiv conf="0.9165401">
            <Unicode>annorum</Unicode>
          </TextEquiv>
        </Word>
        <Word id="region0009_line0012_word0006" custom="readingOrder {index:6;}">
          <Coords points="2166,1216 2148,1216 2131,1217 2125,1224 2013,1223 2013,1269 2200,1269 2200,1227 2177,1227 2171,1226 2170,1218"/>
          <TextEquiv conf="0.9184287">
            <Unicode>proceſſus</Unicode>
          </TextEquiv>
        </Word>
        <Word id="region0009_line0012_word0007" custom="readingOrder {index:7;}">
          <Coords points="2274,1231 2211,1231 2211,1259 2283,1259 2283,1231"/>
          <TextEquiv conf="0.9152696">
            <Unicode>cu-</Unicode>
          </TextEquiv>
        </Word>
        <TextEquiv conf="0.91971046">
          <Unicode>jus medicamenti vires, per multorum annorum proceſſus cu-</Unicode>
        </TextEquiv>
      </TextLine>
      <TextLine id="region0009_line0013" custom="readingOrder {index:12;}">
        <Coords points="1514,1280 1410,1281 1298,1281 1291,1271 1280,1270 1259,1282 1255,1270 1242,1269 1234,1274 1232,1282 1099,1283 1094,1273 1078,1271 1064,1283 1045,1283 1039,1273 1026,1272 1021,1276 1019,1283 988,1283 988,1330 1415,1329 1421,1337 1435,1335 1442,1342 1459,1342 1466,1337 1468,1328 1477,1327 1727,1328 1788,1329 1793,1342 1814,1343 1820,1337 1821,1328 1934,1327 2267,1333 2322,1325 2323,1290 2090,1281 2086,1273 2077,1271 2068,1272 2062,1281 2014,1282 2003,1281 1999,1273 1992,1269 1978,1271 1974,1280 1935,1280 1928,1270 1916,1270 1909,1279 1860,1280 1853,1272 1826,1270 1820,1273 1818,1281 1778,1282 1730,1277 1724,1270 1705,1270 1698,1277 1647,1281 1644,1272 1638,1269 1622,1269 1610,1280 1603,1280 1595,1269 1578,1268 1569,1279 1541,1279 1538,1269 1528,1268"/>
        <Word id="region0009_line0013_word0000" custom="readingOrder {index:0;}">
          <Coords points="1042,1279 1020,1279 1019,1283 1005,1283 1005,1321 1102,1321 1102,1282 1099,1283 1097,1279 1068,1279 1064,1283 1045,1283"/>
          <TextEquiv conf="0.92485124">
            <Unicode>rioſe</Unicode>
          </TextEquiv>
        </Word>
        <Word id="word_1643712874231_5269" custom="readingOrder {index:1;}">
          <Coords points="1109,1286 1141,1286 1141,1321 1109,1321"/>
          <TextEquiv>
            <Unicode>a</Unicode>
          </TextEquiv>
        </Word>
        <Word id="region0009_line0013_word0001" custom="readingOrder {index:2;}">
          <Coords points="1144,1290 1205,1290 1204,1319 1143,1319"/>
          <TextEquiv>
            <Unicode>me</Unicode>
          </TextEquiv>
        </Word>
        <Word id="region0009_line0013_word0002" custom="readingOrder {index:3;}">
          <Coords points="1257,1276 1233,1276 1232,1282 1214,1282 1214,1327 1436,1327 1436,1280 1410,1281 1298,1281 1294,1276 1269,1276 1259,1282"/>
          <TextEquiv conf="0.9137528">
            <Unicode>obſervatas,</Unicode>
          </TextEquiv>
        </Word>
        <Word id="region0009_line0013_word0003" custom="readingOrder {index:4;}">
          <Coords points="1540,1276 1518,1276 1514,1280 1445,1280 1445,1333 1466,1333 1468,1328 1477,1327 1561,1327 1561,1279 1541,1279"/>
          <TextEquiv conf="0.9196096">
            <Unicode>paulo</Unicode>
          </TextEquiv>
        </Word>
        <Word id="region0009_line0013_word0004" custom="readingOrder {index:5;}">
          <Coords points="1601,1278 1573,1278 1572,1322 1689,1323 1690,1279 1674,1278 1647,1281 1646,1278 1611,1278 1610,1280 1603,1280"/>
          <TextEquiv conf="0.8567638">
            <Unicode>fuſius</Unicode>
          </TextEquiv>
        </Word>
        <Word id="region0009_line0013_word0005" custom="readingOrder {index:6;}">
          <Coords points="1700,1279 1736,1279 1735,1319 1699,1319"/>
          <TextEquiv conf="0.89336264">
            <Unicode>&amp;</Unicode>
          </TextEquiv>
        </Word>
        <Word id="region0009_line0013_word0006" custom="readingOrder {index:7;}">
          <Coords points="1858,1278 1818,1278 1818,1281 1778,1282 1751,1279 1751,1328 1788,1329 1790,1336 1820,1336 1821,1328 1934,1327 1972,1327 1972,1280 1935,1280 1933,1278 1909,1278 1909,1279 1860,1280"/>
          <TextEquiv conf="0.9240806">
            <Unicode>explicatius</Unicode>
          </TextEquiv>
        </Word>
        <Word id="region0009_line0013_word0007" custom="readingOrder {index:8;}">
          <Coords points="2001,1277 1983,1277 1982,1321 2060,1321 2060,1281 2014,1282 2003,1281"/>
          <TextEquiv conf="0.9577419">
            <Unicode>hoc</Unicode>
          </TextEquiv>
        </Word>
        <Word id="region0009_line0013_word0008" custom="readingOrder {index:9;}">
          <Coords points="2088,1278 2072,1278 2071,1321 2162,1321 2162,1283 2090,1281"/>
          <TextEquiv conf="0.64947647">
            <Unicode>loco</Unicode>
          </TextEquiv>
        </Word>
        <Word id="region0009_line0013_word0009" custom="readingOrder {index:10;}">
          <Coords points="2173,1289 2284,1289 2283,1320 2172,1320"/>
          <TextEquiv conf="0.9179268">
            <Unicode>com-</Unicode>
          </TextEquiv>
        </Word>
        <TextEquiv>
          <Unicode>rioſe a me obſervatas, paulo fuſius &amp; explicatius hoc loco com-</Unicode>
        </TextEquiv>
      </TextLine>
      <TextLine id="region0009_line0014" custom="readingOrder {index:13;}">
        <Coords points="988,1340 988,1389 1268,1386 1285,1382 1290,1377 1290,1345 1285,1340 1133,1340"/>
        <Word id="region0009_line0014_word0000" custom="readingOrder {index:0;}">
          <Coords points="1233,1374 1233,1346 1009,1346 1009,1375 1199,1375"/>
          <TextEquiv conf="0.8875718">
            <Unicode>memorem.</Unicode>
          </TextEquiv>
        </Word>
        <TextEquiv conf="0.8875718">
          <Unicode>memorem.</Unicode>
        </TextEquiv>
      </TextLine>
      <TextLine id="region0009_line0015" custom="readingOrder {index:14;}">
        <Coords points="1827,1380 1811,1395 1772,1395 1768,1392 1759,1392 1755,1395 1656,1396 1633,1387 1531,1383 1480,1383 1473,1387 1471,1398 1407,1398 1406,1390 1400,1384 1387,1384 1381,1387 1377,1397 1337,1395 1323,1384 1269,1386 1258,1389 1162,1389 1140,1392 1132,1396 1131,1430 1145,1440 1214,1445 1253,1445 1265,1442 1366,1444 1371,1441 1386,1444 1472,1444 1480,1440 1516,1444 1798,1442 1930,1449 1955,1445 1985,1447 1991,1454 2001,1453 2010,1447 2051,1446 2053,1455 2069,1458 2081,1455 2083,1445 2246,1449 2322,1445 2321,1409 2259,1403 2251,1395 2239,1395 2232,1401 2219,1389 2204,1389 2192,1400 2178,1400 2172,1390 2156,1389 2147,1400 1907,1398 1901,1390 1886,1387 1877,1398 1867,1398 1848,1396 1837,1381"/>
        <Word id="region0009_line0015_word0000" custom="readingOrder {index:0;}">
          <Coords points="1191,1393 1265,1393 1265,1434 1191,1434"/>
          <TextEquiv conf="0.9205297">
            <Unicode>Ob</Unicode>
          </TextEquiv>
        </Word>
        <Word id="region0009_line0015_word0001" custom="readingOrder {index:1;}">
          <Coords points="1330,1390 1285,1390 1285,1432 1466,1432 1466,1398 1407,1398 1406,1390 1379,1390 1377,1397 1337,1395"/>
          <TextEquiv conf="0.922214">
            <Unicode>blandum</Unicode>
          </TextEquiv>
        </Word>
        <Word id="region0009_line0015_word0002" custom="readingOrder {index:2;}">
          <Coords points="1483,1389 1578,1389 1578,1433 1483,1433"/>
          <TextEquiv conf="0.91902626">
            <Unicode>illud</Unicode>
          </TextEquiv>
        </Word>
        <Word id="region0009_line0015_word0003" custom="readingOrder {index:3;}">
          <Coords points="1594,1392 1633,1392 1633,1432 1594,1432"/>
          <TextEquiv conf="0.9243242">
            <Unicode>&amp;</Unicode>
          </TextEquiv>
        </Word>
        <Word id="region0009_line0015_word0004" custom="readingOrder {index:4;}">
          <Coords points="1659,1398 1803,1398 1803,1432 1659,1432"/>
          <TextEquiv>
            <Unicode>naturæ</Unicode>
          </TextEquiv>
        </Word>
        <Word id="region0009_line0015_word0005" custom="readingOrder {index:5;}">
          <Coords points="1839,1385 1821,1385 1819,1387 1819,1440 2007,1440 2007,1398 1907,1398 1901,1390 1886,1387 1877,1398 1867,1398 1848,1396"/>
          <TextEquiv>
            <Unicode>àmicum,</Unicode>
          </TextEquiv>
        </Word>
        <Word id="region0009_line0015_word0006" custom="readingOrder {index:6;}">
          <Coords points="2051,1400 2131,1400 2131,1445 2051,1445"/>
          <TextEquiv conf="0.9070284">
            <Unicode>quo</Unicode>
          </TextEquiv>
        </Word>
        <Word id="region0009_line0015_word0007" custom="readingOrder {index:7;}">
          <Coords points="2172,1391 2157,1391 2157,1434 2287,1434 2287,1405 2259,1403 2251,1395 2239,1395 2232,1401 2221,1391 2201,1391 2192,1400 2178,1400"/>
          <TextEquiv conf="0.9156214">
            <Unicode>inſtru-</Unicode>
          </TextEquiv>
        </Word>
        <TextEquiv>
          <Unicode>Ob blandum illud &amp; naturæ àmicum, quo inſtru-</Unicode>
        </TextEquiv>
      </TextLine>
      <TextLine id="region0009_line0016" custom="readingOrder {index:15;}">
        <Coords points="1472,1445 1472,1451 1469,1453 1388,1452 1387,1445 1381,1442 1367,1444 1365,1452 1297,1453 1279,1453 1277,1445 1272,1443 1256,1444 1251,1447 1250,1453 1235,1453 1224,1446 1168,1443 1148,1445 1133,1453 1106,1456 1069,1455 1064,1453 1061,1445 1054,1443 988,1443 988,1502 1141,1502 1148,1496 1158,1496 1165,1502 1205,1507 1211,1501 1231,1503 1256,1500 1374,1499 1379,1495 1395,1495 1401,1500 1460,1500 1485,1495 1494,1500 1539,1498 1545,1505 1564,1507 1570,1499 1579,1498 1823,1496 1834,1500 1868,1502 1909,1500 2053,1504 2062,1513 2077,1514 2089,1512 2094,1504 2270,1508 2298,1501 2322,1500 2322,1465 2270,1464 2268,1454 2262,1450 2212,1449 2179,1458 2172,1448 2158,1448 2150,1458 2138,1457 2131,1447 2117,1447 2110,1457 2080,1456 2069,1459 2030,1455 2023,1448 2010,1448 1998,1455 1962,1455 1960,1449 1955,1446 1943,1446 1936,1450 1934,1455 1929,1456 1883,1456 1860,1454 1853,1446 1841,1446 1837,1452 1659,1452 1653,1447 1645,1447 1638,1452 1598,1453 1593,1452 1587,1443 1573,1443 1565,1450 1551,1450 1545,1444 1531,1444 1520,1450 1518,1445 1513,1443 1493,1444 1480,1441"/>
        <Word id="region0009_line0016_word0000" custom="readingOrder {index:0;}">
          <Coords points="1063,1452 1011,1452 1011,1493 1116,1493 1116,1454 1106,1456 1069,1455 1064,1453"/>
          <TextEquiv>
            <Unicode>ƈtum</Unicode>
          </TextEquiv>
        </Word>
        <Word id="region0009_line0016_word0001" custom="readingOrder {index:1;}">
          <Coords points="1161,1499 1208,1499 1208,1452 1136,1452 1136,1499 1144,1499 1148,1496 1158,1496"/>
          <TextEquiv conf="0.79051644">
            <Unicode>eſt,</Unicode>
          </TextEquiv>
        </Word>
        <Word id="region0009_line0016_word0002" custom="readingOrder {index:2;}">
          <Coords points="1277,1448 1250,1448 1250,1453 1246,1453 1246,1492 1465,1492 1465,1452 1388,1452 1387,1448 1366,1448 1365,1452 1297,1453 1279,1453"/>
          <TextEquiv conf="0.8441389">
            <Unicode>elementum</Unicode>
          </TextEquiv>
        </Word>
        <Word id="region0009_line0016_word0003" custom="readingOrder {index:3;}">
          <Coords points="1518,1447 1489,1447 1489,1497 1494,1500 1539,1498 1544,1504 1566,1504 1570,1499 1579,1498 1733,1496 1733,1452 1659,1452 1653,1447 1644,1447 1638,1452 1598,1453 1593,1452 1589,1447 1568,1447 1565,1450 1551,1450 1548,1447 1525,1447 1520,1450"/>
          <TextEquiv conf="0.8820301">
            <Unicode>fulphureum</Unicode>
          </TextEquiv>
        </Word>
        <Word id="region0009_line0016_word0004" custom="readingOrder {index:4;}">
          <Coords points="1757,1455 1851,1455 1851,1490 1757,1490"/>
          <TextEquiv>
            <Unicode>non</Unicode>
          </TextEquiv>
        </Word>
        <Word id="region0009_line0016_word0005" custom="readingOrder {index:5;}">
          <Coords points="1961,1452 1935,1452 1934,1455 1929,1456 1883,1456 1877,1455 1877,1493 1977,1493 1977,1455 1962,1455"/>
          <TextEquiv conf="0.90043175">
            <Unicode>modo</Unicode>
          </TextEquiv>
        </Word>
        <Word id="region0009_line0016_word0006" custom="readingOrder {index:6;}">
          <Coords points="2027,1452 2003,1452 1999,1454 1999,1502 2053,1504 2094,1504 2194,1504 2194,1453 2179,1458 2174,1452 2154,1452 2150,1458 2138,1457 2134,1452 2113,1452 2110,1457 2080,1456 2069,1459 2030,1455"/>
          <TextEquiv conf="0.9049945">
            <Unicode>ſanguinis</Unicode>
          </TextEquiv>
        </Word>
        <Word id="region0009_line0016_word0007" custom="readingOrder {index:7;}">
          <Coords points="2268,1454 2208,1454 2208,1496 2287,1496 2287,1464 2270,1464"/>
          <TextEquiv conf="0.90756625">
            <Unicode>ſul-</Unicode>
          </TextEquiv>
        </Word>
        <TextEquiv>
          <Unicode>ƈtum eſt, elementum fulphureum non modo ſanguinis ſul-</Unicode>
        </TextEquiv>
      </TextLine>
      <TextLine id="region0009_line0017" custom="readingOrder {index:16;}">
        <Coords points="1374,1500 1373,1508 1232,1510 1228,1503 1211,1502 1205,1510 1165,1510 1165,1503 1160,1498 1148,1497 1143,1502 1146,1509 1138,1511 1058,1511 1053,1510 1047,1502 1029,1503 1026,1510 988,1510 989,1567 1010,1568 1030,1558 1112,1561 1118,1567 1129,1567 1136,1561 1197,1556 1202,1556 1210,1566 1218,1566 1228,1556 1820,1553 2096,1559 2105,1560 2113,1570 2124,1572 2137,1568 2140,1561 2259,1566 2270,1562 2322,1560 2322,1524 2282,1521 2276,1516 2267,1516 2263,1519 2218,1517 2211,1516 2207,1508 2195,1506 2188,1507 2184,1515 2069,1515 2059,1512 1985,1512 1980,1503 1966,1503 1959,1511 1924,1508 1909,1501 1900,1501 1885,1508 1839,1508 1830,1507 1829,1501 1823,1497 1807,1498 1804,1507 1725,1508 1720,1498 1708,1497 1701,1500 1698,1508 1667,1508 1662,1499 1649,1498 1642,1500 1634,1509 1553,1508 1545,1506 1539,1499 1494,1507 1491,1498 1477,1496 1471,1500 1457,1501 1452,1509 1398,1509 1400,1500 1397,1497 1379,1496"/>
        <Word id="region0009_line0017_word0000" custom="readingOrder {index:0;}">
          <Coords points="1047,1503 1029,1503 1026,1510 1007,1510 1007,1557 1132,1557 1132,1511 1058,1511 1053,1510"/>
          <TextEquiv conf="0.91758204">
            <Unicode>phur,</Unicode>
          </TextEquiv>
        </Word>
        <Word id="region0009_line0017_word0001" custom="readingOrder {index:1;}">
          <Coords points="1153,1497 1153,1554 1268,1554 1268,1509 1232,1510 1228,1503 1211,1502 1205,1510 1165,1510 1165,1503 1160,1498"/>
          <TextEquiv conf="0.9209856">
            <Unicode>cujus</Unicode>
          </TextEquiv>
        </Word>
        <Word id="word_1643712898616_5276" custom="readingOrder {index:2;}">
          <Coords points="1291,1509 1373,1508 1374,1500 1376,1498 1398,1498 1400,1500 1398,1509 1452,1509 1457,1501 1471,1500 1473,1498 1491,1498 1494,1507 1505,1505 1505,1547 1291,1547"/>
          <TextEquiv conf="0.7844905">
            <Unicode>attenuatio</Unicode>
          </TextEquiv>
        </Word>
        <Word id="region0009_line0017_word0003" custom="readingOrder {index:3;}">
          <Coords points="1548,1554 1548,1506 1545,1506 1539,1499 1523,1501 1523,1554"/>
          <TextEquiv conf="0.8520912">
            <Unicode>&amp;</Unicode>
          </TextEquiv>
        </Word>
        <Word id="region0009_line0017_word0004" custom="readingOrder {index:4;}">
          <Coords points="1655,1498 1647,1498 1642,1500 1634,1509 1571,1508 1571,1547 1746,1548 1746,1507 1725,1508 1720,1498 1703,1498 1701,1500 1698,1508 1667,1508 1662,1499"/>
          <TextEquiv conf="0.9025551">
            <Unicode>evolutio</Unicode>
          </TextEquiv>
        </Word>
        <Word id="region0009_line0017_word0005" custom="readingOrder {index:5;}">
          <Coords points="1829,1505 1765,1507 1765,1547 1886,1545 1886,1506 1917,1505"/>
          <TextEquiv conf="0.90810096">
            <Unicode>robur</Unicode>
          </TextEquiv>
        </Word>
        <Word id="region0009_line0017_word0006" custom="readingOrder {index:6;}">
          <Coords points="1918,1555 1918,1505 1909,1501 1900,1501 1900,1554"/>
          <TextEquiv conf="0.9079224">
            <Unicode>&amp;</Unicode>
          </TextEquiv>
        </Word>
        <Word id="region0009_line0017_word0007" custom="readingOrder {index:7;}">
          <Coords points="1983,1509 1960,1509 1959,1511 1941,1509 1941,1546 2038,1546 2038,1512 1985,1512"/>
          <TextEquiv conf="0.92407095">
            <Unicode>vires</Unicode>
          </TextEquiv>
        </Word>
        <Word id="region0009_line0017_word0008" custom="readingOrder {index:8;}">
          <Coords points="2050,1558 2202,1558 2202,1507 2195,1506 2188,1507 2184,1515 2069,1515 2059,1512 2047,1512 2047,1557"/>
          <TextEquiv conf="0.9249709">
            <Unicode>corpori</Unicode>
          </TextEquiv>
        </Word>
        <Word id="region0009_line0017_word0009" custom="readingOrder {index:9;}">
          <Coords points="2276,1516 2267,1516 2263,1519 2218,1517 2215,1516 2215,1549 2288,1549 2288,1521 2282,1521"/>
          <TextEquiv conf="0.9163742">
            <Unicode>no-</Unicode>
          </TextEquiv>
        </Word>
        <TextEquiv conf="0.8959144">
          <Unicode>phur, cujus attenuatio &amp; evolutio robur &amp; vires corpori no-</Unicode>
        </TextEquiv>
      </TextLine>
      <TextLine id="region0009_line0018" custom="readingOrder {index:17;}">
        <Coords points="1803,1564 1739,1565 1710,1565 1702,1556 1678,1555 1671,1559 1669,1566 1648,1567 1595,1567 1590,1557 1577,1556 1569,1567 1553,1568 1518,1567 1510,1556 1496,1556 1484,1565 1401,1567 1313,1567 1309,1558 1292,1557 1278,1567 1257,1568 1210,1568 1202,1558 1192,1558 1181,1569 1108,1570 1041,1567 1036,1560 1030,1559 1010,1569 989,1568 989,1618 1411,1614 1460,1620 1463,1617 1552,1614 1696,1615 1720,1616 1727,1622 1736,1622 1744,1616 1803,1612 1902,1616 2010,1614 2212,1625 2235,1625 2240,1621 2249,1620 2255,1624 2272,1625 2300,1618 2322,1617 2322,1583 2284,1582 2285,1568 2280,1563 2270,1563 2263,1568 2247,1566 2236,1570 2231,1576 2214,1576 2204,1565 2195,1565 2187,1571 2161,1562 2148,1562 2141,1568 2124,1573 2019,1567 2013,1559 2008,1558 1994,1558 1985,1567 1967,1568 1962,1559 1948,1558 1941,1568 1901,1568 1891,1567 1880,1556 1859,1558 1845,1555 1838,1565 1830,1565 1823,1555 1812,1554"/>
        <Word id="region0009_line0018_word0000" custom="readingOrder {index:0;}">
          <Coords points="1038,1564 1020,1564 1010,1569 1008,1568 1008,1607 1083,1607 1083,1568 1041,1567"/>
          <TextEquiv conf="0.92396736">
            <Unicode>ſtro</Unicode>
          </TextEquiv>
        </Word>
        <Word id="region0009_line0018_word0001" custom="readingOrder {index:1;}">
          <Coords points="1206,1564 1186,1564 1181,1569 1108,1570 1104,1569 1104,1605 1268,1605 1268,1567 1257,1568 1210,1568"/>
          <TextEquiv conf="0.9269513">
            <Unicode>maxime</Unicode>
          </TextEquiv>
        </Word>
        <Word id="region0009_line0018_word0002" custom="readingOrder {index:2;}">
          <Coords points="1311,1563 1285,1563 1285,1614 1411,1614 1458,1614 1458,1565 1401,1567 1313,1567"/>
          <TextEquiv conf="0.8831639">
            <Unicode>fœnerat,</Unicode>
          </TextEquiv>
        </Word>
        <Word id="region0009_line0018_word0003" custom="readingOrder {index:3;}">
          <Coords points="1515,1564 1488,1564 1488,1605 1641,1606 1641,1567 1595,1567 1593,1564 1570,1564 1569,1567 1553,1568 1518,1567"/>
          <TextEquiv conf="0.88998055">
            <Unicode>ſuaviter</Unicode>
          </TextEquiv>
        </Word>
        <Word id="region0009_line0018_word0004" custom="readingOrder {index:4;}">
          <Coords points="1704,1559 1671,1559 1669,1566 1659,1566 1659,1614 1696,1615 1720,1616 1724,1620 1738,1620 1744,1616 1756,1615 1756,1564 1739,1565 1710,1565"/>
          <TextEquiv conf="0.9213584">
            <Unicode>alit,</Unicode>
          </TextEquiv>
        </Word>
        <Word id="region0009_line0018_word0005" custom="readingOrder {index:5;}">
          <Coords points="1829,1564 1803,1564 1771,1564 1771,1607 1929,1607 1929,1568 1901,1568 1891,1567 1888,1564 1838,1564 1838,1565 1830,1565"/>
          <TextEquiv conf="0.9174979">
            <Unicode>mirifice</Unicode>
          </TextEquiv>
        </Word>
        <Word id="region0009_line0018_word0006" custom="readingOrder {index:6;}">
          <Coords points="1964,1564 1948,1564 1948,1607 2138,1609 2138,1569 2166,1564 2145,1564 2141,1568 2124,1573 2019,1567 2016,1564 1988,1564 1985,1567 1967,1568"/>
          <TextEquiv conf="0.6984335">
            <Unicode>inſtaurat</Unicode>
          </TextEquiv>
        </Word>
        <Word id="region0009_line0018_word0007" custom="readingOrder {index:7;}">
          <Coords points="2147,1562 2147,1620 2167,1620 2167,1564 2161,1562 2148,1562"/>
          <TextEquiv conf="0.7787337">
            <Unicode>&amp;</Unicode>
          </TextEquiv>
        </Word>
        <Word id="region0009_line0018_word0008" custom="readingOrder {index:8;}">
          <Coords points="2280,1563 2270,1563 2263,1568 2247,1566 2236,1570 2231,1576 2214,1576 2204,1565 2195,1565 2195,1610 2287,1610 2287,1582 2284,1582 2285,1568"/>
          <TextEquiv conf="0.9009694">
            <Unicode>inſi-</Unicode>
          </TextEquiv>
        </Word>
        <TextEquiv conf="0.87122846">
          <Unicode>ſtro maxime fœnerat, ſuaviter alit, mirifice inſtaurat &amp; inſi-</Unicode>
        </TextEquiv>
      </TextLine>
      <TextLine id="region0009_line0019" custom="readingOrder {index:18;}">
        <Coords points="1759,1617 1756,1623 1744,1626 1677,1628 1645,1628 1640,1616 1613,1617 1605,1628 1579,1628 1570,1628 1568,1621 1561,1616 1548,1618 1544,1628 1532,1618 1520,1619 1515,1628 1463,1628 1459,1621 1437,1618 1432,1628 1425,1629 1422,1628 1422,1622 1418,1617 1402,1615 1394,1617 1387,1625 1350,1625 1344,1631 1343,1641 1341,1636 1332,1630 1296,1629 1288,1618 1275,1619 1270,1630 1258,1630 1255,1621 1248,1616 1236,1616 1222,1628 1127,1631 1083,1631 1079,1622 1065,1621 1058,1631 989,1631 989,1689 997,1686 1021,1686 1028,1691 1052,1690 1060,1688 1065,1680 1073,1678 1148,1679 1152,1688 1166,1690 1177,1687 1179,1676 1273,1675 1324,1678 1332,1674 1340,1677 1383,1674 1433,1678 1773,1674 2047,1675 2058,1678 2105,1676 2138,1680 2236,1680 2322,1684 2322,1636 2280,1636 2275,1632 2269,1632 2264,1626 2249,1621 2238,1623 2232,1636 2222,1636 2215,1626 2196,1625 2186,1634 2175,1623 2163,1623 2150,1632 2115,1632 2108,1621 2086,1619 2078,1620 2072,1629 2030,1627 2027,1617 2010,1615 1990,1616 1979,1627 1941,1628 1922,1628 1916,1617 1902,1617 1896,1626 1885,1616 1840,1622 1834,1618 1825,1618 1818,1624 1783,1625 1779,1617 1765,1615"/>
        <Word id="region0009_line0019_word0000" custom="readingOrder {index:0;}">
          <Coords points="1080,1625 1062,1625 1058,1631 1007,1631 1007,1678 1073,1678 1135,1678 1135,1630 1127,1631 1083,1631"/>
          <TextEquiv conf="0.9187913">
            <Unicode>gniter</Unicode>
          </TextEquiv>
        </Word>
        <Word id="region0009_line0019_word0001" custom="readingOrder {index:1;}">
          <Coords points="1256,1624 1227,1624 1222,1628 1158,1630 1158,1681 1178,1681 1179,1676 1273,1675 1324,1678 1332,1674 1333,1674 1333,1631 1332,1630 1296,1629 1292,1624 1273,1624 1270,1630 1258,1630"/>
          <TextEquiv conf="0.9016863">
            <Unicode>perficit;</Unicode>
          </TextEquiv>
        </Word>
        <Word id="region0009_line0019_word0002" custom="readingOrder {index:2;}">
          <Coords points="1422,1624 1392,1624 1392,1669 1455,1669 1455,1624 1434,1624 1432,1628 1425,1629 1422,1628"/>
          <TextEquiv conf="0.93204904">
            <Unicode>ſed</Unicode>
          </TextEquiv>
        </Word>
        <Word id="region0009_line0019_word0003" custom="readingOrder {index:3;}">
          <Coords points="1540,1625 1516,1625 1515,1628 1479,1628 1479,1671 1699,1672 1699,1627 1677,1628 1645,1628 1644,1625 1606,1625 1605,1628 1579,1628 1570,1628 1569,1625 1545,1625 1544,1628"/>
          <TextEquiv conf="0.92078227">
            <Unicode>mitioribus</Unicode>
          </TextEquiv>
        </Word>
        <Word id="region0009_line0019_word0004" custom="readingOrder {index:4;}">
          <Coords points="1724,1627 1844,1627 1844,1668 1724,1668"/>
          <TextEquiv conf="0.90549177">
            <Unicode>etiam</Unicode>
          </TextEquiv>
        </Word>
        <Word id="region0009_line0019_word0005" custom="readingOrder {index:5;}">
          <Coords points="1863,1629 1934,1629 1934,1671 1863,1671"/>
          <TextEquiv conf="0.87885857">
            <Unicode>ſuis</Unicode>
          </TextEquiv>
        </Word>
        <Word id="region0009_line0019_word0006" custom="readingOrder {index:6;}">
          <Coords points="2029,1626 1980,1626 1979,1627 1962,1627 1962,1672 2125,1672 2125,1632 2115,1632 2111,1626 2074,1626 2072,1629 2030,1627"/>
          <TextEquiv>
            <Unicode>effluviis</Unicode>
          </TextEquiv>
        </Word>
        <Word id="word_1643713601846_5396" custom="readingOrder {index:7;}">
          <Coords points="2144,1632 2150,1632 2163,1623 2175,1623 2186,1634 2196,1625 2215,1626 2222,1636 2231,1636 2231,1672 2144,1672"/>
          <TextEquiv>
            <Unicode>ſeſe</Unicode>
          </TextEquiv>
        </Word>
        <Word id="region0009_line0019_word0008" custom="readingOrder {index:8;}">
          <Coords points="2290,1682 2290,1636 2280,1636 2275,1632 2269,1632 2264,1626 2249,1621 2248,1621 2248,1680"/>
          <TextEquiv conf="0.10920784">
            <Unicode>in</Unicode>
          </TextEquiv>
        </Word>
        <TextEquiv>
          <Unicode>gniter perficit; ſed mitioribus etiam ſuis effluviis ſeſe in</Unicode>
        </TextEquiv>
      </TextLine>
      <TextLine id="region0009_line0020" custom="readingOrder {index:19;}">
        <Coords points="1324,1679 1314,1679 1311,1683 1296,1685 1283,1685 1280,1678 1260,1676 1244,1688 1175,1688 1166,1691 1091,1691 1088,1683 1081,1679 1069,1680 1064,1689 1052,1691 1028,1692 1021,1687 997,1687 989,1690 989,1738 1170,1738 1178,1737 1185,1732 1192,1732 1198,1736 1409,1734 1484,1737 1746,1734 1752,1729 1758,1729 1768,1735 1791,1736 1795,1745 1804,1747 1817,1745 1820,1736 1998,1734 2222,1741 2255,1737 2260,1741 2322,1742 2322,1693 2219,1693 2217,1687 2209,1681 2193,1682 2181,1693 2166,1692 2156,1681 2144,1682 2138,1691 2118,1690 2114,1689 2111,1681 2105,1677 2070,1677 2062,1685 1915,1688 1906,1688 1901,1677 1886,1677 1880,1687 1871,1688 1853,1688 1845,1678 1833,1679 1829,1687 1599,1688 1593,1683 1584,1682 1578,1688 1550,1686 1529,1682 1525,1678 1507,1678 1502,1682 1479,1688 1440,1689 1410,1688 1406,1685 1394,1687 1383,1675 1370,1675 1365,1681 1341,1681 1339,1677 1332,1675"/>
        <Word id="region0009_line0020_word0000" custom="readingOrder {index:0;}">
          <Coords points="1088,1684 1066,1684 1064,1689 1052,1691 1028,1692 1021,1687 999,1687 999,1726 1169,1726 1169,1690 1166,1691 1091,1691"/>
          <TextEquiv>
            <Unicode>intimos</Unicode>
          </TextEquiv>
        </Word>
        <Word id="region0009_line0020_word0001" custom="readingOrder {index:1;}">
          <Coords points="1281,1682 1252,1682 1244,1688 1185,1688 1185,1728 1481,1728 1481,1687 1479,1688 1440,1689 1410,1688 1406,1685 1394,1687 1389,1682 1311,1682 1311,1683 1296,1685 1283,1685"/>
          <TextEquiv>
            <Unicode>muſculoſarum</Unicode>
          </TextEquiv>
        </Word>
        <Word id="region0009_line0020_word0002" custom="readingOrder {index:2;}">
          <Coords points="1500,1685 1538,1685 1538,1725 1500,1725"/>
          <TextEquiv conf="0.9307706">
            <Unicode>&amp;</Unicode>
          </TextEquiv>
        </Word>
        <Word id="region0009_line0020_word0003" custom="readingOrder {index:3;}">
          <Coords points="1557,1691 1780,1692 1780,1727 1557,1726"/>
          <TextEquiv conf="0.855168">
            <Unicode>nervearum</Unicode>
          </TextEquiv>
        </Word>
        <Word id="region0009_line0020_word0004" custom="readingOrder {index:4;}">
          <Coords points="1850,1685 1830,1685 1829,1687 1801,1687 1801,1738 1819,1738 1820,1736 1968,1734 1968,1686 1915,1688 1906,1688 1904,1685 1881,1685 1880,1687 1871,1688 1853,1688"/>
          <TextEquiv>
            <Unicode>partium</Unicode>
          </TextEquiv>
        </Word>
        <Word id="region0009_line0020_word0005" custom="readingOrder {index:5;}">
          <Coords points="2105,1677 2070,1677 2062,1685 1978,1686 1978,1734 1998,1734 2133,1738 2133,1690 2118,1690 2114,1689 2111,1681"/>
          <TextEquiv conf="0.9123062">
            <Unicode>receſſus</Unicode>
          </TextEquiv>
        </Word>
        <Word id="region0009_line0020_word0006" custom="readingOrder {index:6;}">
          <Coords points="2161,1687 2148,1687 2148,1729 2288,1729 2288,1693 2219,1693 2217,1687 2187,1687 2181,1693 2166,1692"/>
          <TextEquiv conf="0.9052837">
            <Unicode>inſinu-</Unicode>
          </TextEquiv>
        </Word>
        <TextEquiv>
          <Unicode>intimos muſculoſarum &amp; nervearum partium receſſus inſinu-</Unicode>
        </TextEquiv>
      </TextLine>
      <TextLine id="region0009_line0021" custom="readingOrder {index:20;}">
        <Coords points="1745,1737 1710,1735 1705,1738 1703,1745 1692,1746 1666,1746 1660,1736 1646,1735 1642,1737 1641,1745 1636,1747 1576,1746 1534,1740 1528,1736 1513,1736 1507,1740 1497,1740 1481,1746 1445,1748 1417,1747 1414,1737 1397,1735 1390,1739 1388,1747 1308,1746 1304,1738 1297,1736 1285,1737 1279,1746 1199,1747 1198,1737 1192,1733 1185,1733 1178,1738 1177,1747 997,1748 989,1748 989,1794 1037,1794 1050,1796 1056,1802 1066,1802 1075,1796 1174,1792 1189,1806 1198,1802 1200,1794 1242,1794 1260,1790 1309,1797 1314,1802 1326,1802 1332,1797 1345,1794 1532,1795 1623,1794 1638,1791 1749,1792 1752,1801 1761,1804 1778,1803 1782,1793 1882,1795 1976,1792 2143,1796 2170,1801 2201,1799 2206,1802 2218,1802 2225,1809 2239,1813 2257,1812 2264,1805 2266,1798 2322,1799 2322,1753 2282,1753 2276,1746 2261,1746 2255,1738 2244,1738 2238,1742 2182,1741 2145,1745 2127,1743 2122,1747 2091,1747 2083,1737 2070,1737 2063,1745 2045,1745 2026,1744 2018,1735 2002,1735 1992,1744 1974,1746 1968,1737 1955,1736 1947,1747 1923,1748 1912,1747 1904,1737 1892,1737 1885,1746 1878,1747 1804,1748 1769,1745 1767,1735 1752,1730"/>
        <Word id="region0009_line0021_word0000" custom="readingOrder {index:0;}">
          <Coords points="1011,1748 1071,1748 1071,1787 1011,1787"/>
          <TextEquiv conf="0.9123199">
            <Unicode>at,</Unicode>
          </TextEquiv>
        </Word>
        <Word id="region0009_line0021_word0001" custom="readingOrder {index:1;}">
          <Coords points="1174,1792 1242,1792 1242,1746 1199,1747 1198,1737 1192,1733 1185,1733 1178,1738 1177,1747 1100,1747 1100,1792"/>
          <TextEquiv conf="0.9156857">
            <Unicode>easque</Unicode>
          </TextEquiv>
        </Word>
        <Word id="region0009_line0021_word0002" custom="readingOrder {index:2;}">
          <Coords points="1304,1739 1283,1739 1279,1746 1261,1746 1261,1789 1330,1789 1330,1746 1308,1746"/>
          <TextEquiv conf="0.7911011">
            <Unicode>vi,</Unicode>
          </TextEquiv>
        </Word>
        <Word id="region0009_line0021_word0003" custom="readingOrder {index:3;}">
          <Coords points="1414,1737 1393,1737 1390,1739 1388,1747 1352,1746 1352,1781 1490,1781 1490,1742 1481,1746 1445,1748 1417,1747"/>
          <TextEquiv>
            <Unicode>robore</Unicode>
          </TextEquiv>
        </Word>
        <Word id="region0009_line0021_word0004" custom="readingOrder {index:4;}">
          <Coords points="1507,1740 1505,1740 1505,1780 1543,1780 1543,1741 1534,1740"/>
          <TextEquiv conf="0.92547095">
            <Unicode>&amp;</Unicode>
          </TextEquiv>
        </Word>
        <Word id="region0009_line0021_word0005" custom="readingOrder {index:5;}">
          <Coords points="1661,1738 1641,1738 1641,1745 1636,1747 1576,1746 1560,1743 1560,1781 1744,1782 1744,1739 1704,1738 1703,1745 1692,1746 1666,1746"/>
          <TextEquiv conf="0.92074853">
            <Unicode>movendi</Unicode>
          </TextEquiv>
        </Word>
        <Word id="region0009_line0021_word0006" custom="readingOrder {index:6;}">
          <Coords points="1931,1793 1931,1747 1923,1748 1912,1747 1904,1737 1892,1737 1885,1746 1878,1747 1804,1748 1769,1745 1767,1735 1755,1731 1755,1794 1781,1794 1782,1793 1832,1794 1913,1794"/>
          <TextEquiv conf="0.9324952">
            <Unicode>potentia</Unicode>
          </TextEquiv>
        </Word>
        <Word id="region0009_line0021_word0007" custom="readingOrder {index:7;}">
          <Coords points="1970,1740 1954,1740 1954,1782 2136,1782 2136,1744 2127,1743 2122,1747 2091,1747 2085,1740 2067,1740 2063,1745 2045,1745 2026,1744 2022,1740 1996,1740 1992,1744 1974,1746"/>
          <TextEquiv conf="0.5049307">
            <Unicode>inſtruit.</Unicode>
          </TextEquiv>
        </Word>
        <Word id="region0009_line0021_word0008" custom="readingOrder {index:8;}">
          <Coords points="2199,1741 2199,1797 2287,1797 2287,1753 2282,1753 2276,1746 2261,1746 2255,1738 2244,1738 2238,1742"/>
          <TextEquiv conf="0.87373894">
            <Unicode>Qua</Unicode>
          </TextEquiv>
        </Word>
        <TextEquiv>
          <Unicode>at, easque vi, robore &amp; movendi potentia inſtruit. Qua</Unicode>
        </TextEquiv>
      </TextLine>
      <TextLine id="region0009_line0022" custom="readingOrder {index:21;}">
        <Coords points="1245,1794 1239,1804 1189,1807 1174,1793 1160,1795 1154,1805 1109,1806 1044,1805 1041,1797 1037,1795 1020,1794 1014,1797 1012,1806 989,1806 989,1853 1099,1854 1303,1850 1330,1851 1338,1860 1350,1861 1358,1852 1508,1853 1733,1849 1786,1853 2093,1854 2095,1862 2105,1867 2115,1867 2126,1855 2223,1857 2262,1860 2279,1867 2322,1866 2322,1828 2308,1827 2304,1811 2277,1810 2265,1805 2257,1813 2239,1814 2207,1808 2206,1803 2201,1800 2174,1800 2169,1802 2167,1807 1996,1805 1989,1795 1965,1793 1946,1796 1941,1806 1937,1805 1933,1795 1917,1795 1913,1798 1911,1806 1904,1806 1901,1796 1897,1794 1880,1796 1876,1806 1761,1805 1662,1802 1653,1792 1638,1792 1632,1794 1627,1802 1620,1803 1526,1806 1518,1796 1505,1796 1498,1806 1477,1807 1362,1804 1359,1797 1352,1795 1338,1798 1336,1804 1277,1804 1273,1793 1260,1791"/>
        <Word id="region0009_line0022_word0000" custom="readingOrder {index:0;}">
          <Coords points="1042,1801 1013,1801 1012,1806 1011,1806 1011,1843 1061,1843 1061,1805 1044,1805"/>
          <TextEquiv conf="0.93234634">
            <Unicode>de</Unicode>
          </TextEquiv>
        </Word>
        <Word id="region0009_line0022_word0001" custom="readingOrder {index:1;}">
          <Coords points="1181,1800 1157,1800 1154,1805 1109,1806 1088,1805 1088,1843 1193,1843 1193,1806 1189,1807"/>
          <TextEquiv conf="0.9101905">
            <Unicode>cauſa</Unicode>
          </TextEquiv>
        </Word>
        <Word id="region0009_line0022_word0002" custom="readingOrder {index:2;}">
          <Coords points="1274,1798 1242,1798 1239,1804 1219,1805 1219,1842 1303,1842 1303,1804 1277,1804"/>
          <TextEquiv conf="0.89625657">
            <Unicode>uſus</Unicode>
          </TextEquiv>
        </Word>
        <Word id="region0009_line0022_word0003" custom="readingOrder {index:3;}">
          <Coords points="1360,1800 1337,1800 1336,1804 1323,1804 1323,1850 1330,1851 1331,1853 1357,1853 1358,1852 1399,1852 1399,1804 1362,1804"/>
          <TextEquiv conf="0.92683196">
            <Unicode>ejus</Unicode>
          </TextEquiv>
        </Word>
        <Word id="region0009_line0022_word0004" custom="readingOrder {index:4;}">
          <Coords points="1524,1804 1499,1804 1498,1806 1477,1807 1420,1805 1420,1843 1583,1843 1583,1804 1526,1806"/>
          <TextEquiv conf="0.9576944">
            <Unicode>maxime</Unicode>
          </TextEquiv>
        </Word>
        <Word id="region0009_line0022_word0005" custom="readingOrder {index:5;}">
          <Coords points="1608,1803 1608,1843 1661,1843 1661,1801 1627,1801 1627,1802 1620,1803"/>
          <TextEquiv conf="0.9264409">
            <Unicode>eſt</Unicode>
          </TextEquiv>
        </Word>
        <Word id="region0009_line0022_word0006" custom="readingOrder {index:6;}">
          <Coords points="1902,1800 1878,1800 1876,1806 1761,1805 1685,1802 1685,1845 2008,1845 2008,1805 1996,1805 1992,1800 1944,1800 1941,1806 1937,1805 1935,1800 1912,1800 1911,1806 1904,1806"/>
          <TextEquiv conf="0.9218414">
            <Unicode>commendabilis</Unicode>
          </TextEquiv>
        </Word>
        <Word id="region0009_line0022_word0007" custom="readingOrder {index:7;}">
          <Coords points="2202,1801 2171,1801 2169,1802 2167,1807 2033,1805 2033,1853 2093,1854 2093,1857 2124,1857 2126,1855 2223,1857 2289,1857 2289,1810 2277,1810 2265,1805 2257,1813 2239,1814 2207,1808 2206,1803"/>
          <TextEquiv conf="0.8356115">
            <Unicode>corporibus,</Unicode>
          </TextEquiv>
        </Word>
        <TextEquiv conf="0.91340166">
          <Unicode>de cauſa uſus ejus maxime eſt commendabilis corporibus,</Unicode>
        </TextEquiv>
      </TextLine>
      <TextLine id="region0009_line0023" custom="readingOrder {index:22;}">
        <Coords points="1713,1853 1711,1861 1578,1863 1534,1863 1525,1852 1506,1854 1502,1863 1320,1862 1315,1854 1300,1852 1293,1862 1123,1864 1115,1855 1104,1855 1097,1864 989,1864 989,1919 997,1917 1009,1924 1027,1924 1047,1922 1077,1913 1289,1911 1303,1908 1310,1912 1330,1913 1339,1919 1371,1917 1379,1923 1393,1923 1402,1914 1434,1911 1587,1911 1728,1908 1772,1911 1780,1919 1789,1919 1799,1912 1818,1910 1884,1912 1888,1922 1900,1924 1913,1922 1918,1912 2267,1916 2298,1910 2322,1909 2322,1875 2284,1873 2282,1868 2262,1861 2251,1861 2246,1870 2232,1870 2221,1858 2206,1858 2195,1867 2190,1859 2178,1857 2169,1867 2143,1867 2135,1857 2126,1856 2115,1868 2105,1868 2061,1864 2037,1854 2024,1853 2015,1859 1997,1857 1989,1863 1981,1855 1968,1854 1962,1857 1960,1865 1800,1864 1739,1861 1736,1851 1718,1850"/>
        <Word id="region0009_line0023_word0000" custom="readingOrder {index:0;}">
          <Coords points="1118,1859 1100,1859 1097,1864 1010,1864 1010,1909 1197,1909 1197,1863 1123,1864"/>
          <TextEquiv conf="0.9156003">
            <Unicode>gravitate</Unicode>
          </TextEquiv>
        </Word>
        <Word id="region0009_line0023_word0001" custom="readingOrder {index:1;}">
          <Coords points="1316,1857 1296,1857 1293,1862 1215,1862 1215,1907 1351,1907 1351,1862 1320,1862"/>
          <TextEquiv conf="0.91402143">
            <Unicode>ætatis,</Unicode>
          </TextEquiv>
        </Word>
        <Word id="region0009_line0023_word0002" custom="readingOrder {index:2;}">
          <Coords points="1530,1858 1503,1858 1502,1863 1381,1862 1381,1913 1411,1913 1434,1911 1587,1911 1617,1910 1617,1862 1578,1863 1534,1863"/>
          <TextEquiv conf="0.9172154">
            <Unicode>præcedente</Unicode>
          </TextEquiv>
        </Word>
        <Word id="region0009_line0023_word0003" custom="readingOrder {index:3;}">
          <Coords points="1737,1857 1712,1857 1711,1861 1634,1862 1634,1909 1681,1909 1728,1908 1742,1909 1794,1909 1794,1863 1739,1861"/>
          <TextEquiv conf="0.91725653">
            <Unicode>morbo,</Unicode>
          </TextEquiv>
        </Word>
        <Word id="region0009_line0023_word0004" custom="readingOrder {index:4;}">
          <Coords points="1985,1859 1961,1859 1960,1865 1824,1864 1824,1910 1884,1912 1884,1913 1917,1913 1918,1912 2003,1912 2003,1859 1994,1859 1989,1863"/>
          <TextEquiv conf="0.90943724">
            <Unicode>corporis</Unicode>
          </TextEquiv>
        </Word>
        <Word id="region0009_line0023_word0005" custom="readingOrder {index:5;}">
          <Coords points="2044,1857 2018,1857 2015,1859 2015,1899 2052,1899 2052,1860"/>
          <TextEquiv conf="0.90943724">
            <Unicode>&amp;</Unicode>
          </TextEquiv>
        </Word>
        <Word id="region0009_line0023_word0006" custom="readingOrder {index:6;}">
          <Coords points="2138,1861 2121,1861 2115,1868 2105,1868 2070,1864 2070,1901 2190,1901 2190,1861 2174,1861 2169,1867 2143,1867"/>
          <TextEquiv conf="0.91419005">
            <Unicode>animi</Unicode>
          </TextEquiv>
        </Word>
        <Word id="region0009_line0023_word0007" custom="readingOrder {index:7;}">
          <Coords points="2223,1861 2202,1861 2199,1863 2199,1903 2289,1903 2289,1873 2284,1873 2282,1868 2262,1861 2251,1861 2246,1870 2232,1870"/>
          <TextEquiv conf="0.88826567">
            <Unicode>fati-</Unicode>
          </TextEquiv>
        </Word>
        <TextEquiv conf="0.91067797">
          <Unicode>gravitate ætatis, præcedente morbo, corporis &amp; animi fati-</Unicode>
        </TextEquiv>
      </TextLine>
      <TextLine id="region0009_line0024" custom="readingOrder {index:23;}">
        <Coords points="1673,1920 1661,1920 1653,1911 1642,1911 1634,1922 1565,1923 1561,1922 1561,1915 1556,1911 1531,1911 1526,1913 1519,1923 1469,1923 1465,1915 1448,1912 1431,1913 1426,1923 1379,1924 1369,1918 1337,1922 1330,1914 1318,1914 1314,1918 1303,1909 1288,1912 1287,1921 1096,1924 1091,1915 1077,1914 1072,1916 1068,1923 1009,1925 1002,1919 992,1918 989,1919 989,1982 1035,1982 1067,1972 1128,1969 1157,1970 1166,1972 1172,1978 1183,1978 1190,1971 1204,1972 1210,1968 1324,1971 1511,1971 1579,1968 1586,1980 1597,1983 1613,1980 1622,1969 1642,1969 1650,1962 1656,1962 1664,1969 1720,1967 1722,1974 1728,1978 1744,1977 1749,1967 1886,1967 1891,1970 1952,1971 1965,1966 1975,1972 2055,1970 2061,1973 2086,1974 2322,1971 2322,1936 2284,1933 2279,1923 2253,1916 2227,1918 2221,1922 2219,1928 2215,1917 2204,1915 2195,1916 2190,1927 2182,1927 2179,1919 2172,1915 2159,1915 2154,1919 2152,1927 2145,1927 2054,1924 2052,1915 2048,1913 2029,1913 2025,1924 1896,1925 1878,1924 1875,1918 1866,1912 1851,1912 1840,1920 1833,1920 1828,1912 1823,1911 1804,1913 1797,1920 1700,1919 1695,1910 1680,1909"/>
        <Word id="region0009_line0024_word0000" custom="readingOrder {index:0;}">
          <Coords points="1157,1970 1186,1970 1186,1922 1096,1924 1091,1915 1077,1914 1072,1916 1068,1923 1009,1925 1002,1919 992,1918 992,1970 1107,1970 1128,1969"/>
          <TextEquiv conf="0.9075369">
            <Unicode>gatione,</Unicode>
          </TextEquiv>
        </Word>
        <Word id="region0009_line0024_word0001" custom="readingOrder {index:1;}">
          <Coords points="1216,1928 1282,1928 1282,1959 1216,1959"/>
          <TextEquiv conf="0.92806137">
            <Unicode>aut</Unicode>
          </TextEquiv>
        </Word>
        <Word id="region0009_line0024_word0002" custom="readingOrder {index:2;}">
          <Coords points="1307,1913 1297,1913 1297,1962 1506,1962 1506,1923 1469,1923 1465,1915 1453,1913 1431,1913 1426,1923 1379,1924 1369,1918 1337,1922 1330,1914 1318,1914 1314,1918"/>
          <TextEquiv>
            <Unicode>immodica</Unicode>
          </TextEquiv>
        </Word>
        <Word id="region0009_line0024_word0003" custom="readingOrder {index:3;}">
          <Coords points="1561,1916 1525,1916 1525,1970 1579,1968 1582,1974 1617,1974 1622,1969 1642,1969 1650,1962 1656,1962 1664,1969 1712,1967 1712,1919 1700,1919 1698,1916 1675,1916 1673,1920 1661,1920 1658,1916 1637,1916 1634,1922 1565,1923 1561,1922"/>
          <TextEquiv conf="0.92677885">
            <Unicode>ſanguinis</Unicode>
          </TextEquiv>
        </Word>
        <Word id="region0009_line0024_word0004" custom="readingOrder {index:4;}">
          <Coords points="1797,1920 1730,1920 1730,1972 1746,1972 1749,1967 1886,1967 1891,1970 1952,1971 1952,1924 1896,1925 1878,1924 1876,1920 1840,1920 1833,1920"/>
          <TextEquiv conf="0.8997238">
            <Unicode>profuſione</Unicode>
          </TextEquiv>
        </Word>
        <Word id="region0009_line0024_word0005" custom="readingOrder {index:5;}">
          <Coords points="2052,1917 2027,1917 2025,1924 1966,1924 1966,1961 2132,1961 2132,1926 2054,1924"/>
          <TextEquiv conf="0.9081488">
            <Unicode>multum</Unicode>
          </TextEquiv>
        </Word>
        <Word id="region0009_line0024_word0006" custom="readingOrder {index:6;}">
          <Coords points="2179,1919 2154,1919 2152,1927 2150,1927 2150,1962 2291,1962 2291,1933 2284,1933 2279,1923 2264,1919 2225,1919 2221,1922 2219,1928 2215,1919 2193,1919 2190,1927 2182,1927"/>
          <TextEquiv conf="0.4175615">
            <Unicode>debili-</Unicode>
          </TextEquiv>
        </Word>
        <TextEquiv>
          <Unicode>gatione, aut immodica ſanguinis profuſione multum debili-</Unicode>
        </TextEquiv>
      </TextLine>
      <TextLine id="region0009_line0025" custom="readingOrder {index:24;}">
        <Coords points="1639,1971 1622,1970 1613,1981 1597,1984 1586,1981 1579,1969 1561,1971 1557,1981 1488,1981 1483,1972 1468,1971 1461,1975 1459,1981 1433,1982 1405,1981 1401,1972 1393,1971 1380,1972 1375,1980 1371,1980 1369,1973 1365,1971 1351,1971 1344,1980 1307,1980 1299,1975 1288,1975 1283,1980 1264,1980 1255,1971 1243,1970 1234,1980 1225,1980 1224,1971 1210,1969 1204,1973 1190,1972 1182,1980 1172,1981 1164,1981 1162,1974 1157,1971 1110,1971 1102,1974 1100,1984 1082,1984 1078,1974 1067,1973 1059,1976 1056,1982 1045,1984 989,1984 990,2030 1079,2031 1097,2032 1102,2037 1113,2037 1122,2025 1130,2026 1136,2032 1145,2032 1215,2026 1545,2030 1670,2026 1676,2031 1689,2031 1691,2028 1733,2026 1871,2024 1981,2029 1988,2023 1994,2023 2003,2029 2117,2028 2129,2034 2144,2026 2152,2026 2158,2030 2197,2029 2199,2039 2204,2042 2230,2036 2231,2031 2322,2035 2322,1985 2203,1983 2198,1975 2182,1973 2162,1975 2159,1983 2062,1984 2062,1974 2055,1971 2012,1973 2004,1982 1977,1982 1973,1980 1975,1973 1965,1967 1954,1970 1953,1979 1944,1981 1897,1980 1893,1978 1892,1971 1886,1968 1866,1970 1862,1979 1848,1979 1830,1972 1821,1972 1815,1979 1658,1979 1664,1970 1658,1964 1650,1963"/>
        <Word id="region0009_line0025_word0000" custom="readingOrder {index:0;}">
          <Coords points="1009,1984 1009,2022 1113,2022 1113,1973 1104,1973 1102,1974 1100,1984 1082,1984 1078,1974 1067,1973 1059,1976 1056,1982 1045,1984"/>
          <TextEquiv conf="0.8908297">
            <Unicode>tatis,</Unicode>
          </TextEquiv>
        </Word>
        <Word id="region0009_line0025_word0001" custom="readingOrder {index:1;}">
          <Coords points="1125,1972 1154,1972 1154,2015 1125,2015"/>
          <TextEquiv>
            <Unicode>ſi</Unicode>
          </TextEquiv>
        </Word>
        <Word id="region0009_line0025_word0002" custom="readingOrder {index:2;}">
          <Coords points="1166,1981 1166,2014 1340,2014 1340,1980 1307,1980 1299,1975 1288,1975 1283,1980 1264,1980 1255,1971 1243,1970 1234,1980 1225,1980 1224,1971 1210,1969 1204,1973 1190,1972 1182,1980 1172,1981"/>
          <TextEquiv conf="0.75702363">
            <Unicode>nimirum</Unicode>
          </TextEquiv>
        </Word>
        <Word id="region0009_line0025_word0003" custom="readingOrder {index:3;}">
          <Coords points="1369,1973 1352,1973 1352,2015 1414,2015 1414,1981 1405,1981 1401,1973 1379,1973 1375,1980 1371,1980"/>
          <TextEquiv conf="0.8456435">
            <Unicode>bis</Unicode>
          </TextEquiv>
        </Word>
        <Word id="region0009_line0025_word0004" custom="readingOrder {index:4;}">
          <Coords points="1421,1981 1421,2016 1481,2016 1481,1974 1462,1974 1461,1975 1459,1981 1433,1982"/>
          <TextEquiv conf="0.92443436">
            <Unicode>vel</Unicode>
          </TextEquiv>
        </Word>
        <Word id="region0009_line0025_word0005" custom="readingOrder {index:5;}">
          <Coords points="1491,1986 1547,1986 1547,2016 1491,2016"/>
          <TextEquiv conf="0.9590084">
            <Unicode>ter</Unicode>
          </TextEquiv>
        </Word>
        <Word id="region0009_line0025_word0006" custom="readingOrder {index:6;}">
          <Coords points="1581,1973 1560,1973 1557,1981 1556,1981 1556,2015 1603,2016 1603,1982 1597,1984 1586,1981"/>
          <TextEquiv conf="0.9367051">
            <Unicode>de</Unicode>
          </TextEquiv>
        </Word>
        <Word id="region0009_line0025_word0007" custom="readingOrder {index:7;}">
          <Coords points="1611,1981 1611,2025 1684,2025 1684,1979 1658,1979 1664,1970 1658,1964 1650,1963 1639,1971 1622,1970 1613,1981"/>
          <TextEquiv conf="0.93256086">
            <Unicode>die,</Unicode>
          </TextEquiv>
        </Word>
        <Word id="region0009_line0025_word0008" custom="readingOrder {index:8;}">
          <Coords points="1697,1984 1812,1984 1812,2014 1697,2014"/>
          <TextEquiv conf="0.9143426">
            <Unicode>mane</Unicode>
          </TextEquiv>
        </Word>
        <Word id="word_1643713755854_5441" custom="readingOrder {index:9;}">
          <Coords points="1825,1972 1830,1972 1848,1979 1862,1979 1866,1970 1886,1968 1892,1971 1893,1978 1897,1980 1898,1980 1898,2016 1825,2016"/>
          <TextEquiv>
            <Unicode>vel</Unicode>
          </TextEquiv>
        </Word>
        <Word id="word_1643713755854_5440" custom="readingOrder {index:10;}">
          <Coords points="1898,1980 1944,1981 1953,1979 1954,1970 1965,1967 1975,1973 1973,1980 1977,1982 1981,1982 1981,2016 1898,2016"/>
          <TextEquiv>
            <Unicode>ante</Unicode>
          </TextEquiv>
        </Word>
        <Word id="region0009_line0025_word0010" custom="readingOrder {index:11;}">
          <Coords points="2125,2032 2127,2032 2127,1983 2062,1984 2062,1974 2055,1971 2012,1973 2004,1982 2001,1982 2001,2027 2003,2029 2117,2028"/>
          <TextEquiv conf="0.8970975">
            <Unicode>cibum,</Unicode>
          </TextEquiv>
        </Word>
        <Word id="region0009_line0025_word0011" custom="readingOrder {index:12;}">
          <Coords points="2155,2028 2295,2028 2295,1984 2203,1983 2198,1975 2182,1973 2162,1975 2159,1983 2147,1983 2147,2026 2152,2026"/>
          <TextEquiv conf="0.9184109">
            <Unicode>aliquot</Unicode>
          </TextEquiv>
        </Word>
        <TextEquiv>
          <Unicode>tatis, ſi nimirum bis vel ter de die, mane vel ante cibum, aliquot</Unicode>
        </TextEquiv>
      </TextLine>
      <TextLine id="region0009_line0026" custom="readingOrder {index:25;}">
        <Coords points="1981,2030 1981,2039 1908,2035 1906,2028 1901,2026 1884,2027 1881,2034 1877,2027 1871,2025 1855,2026 1850,2036 1732,2039 1690,2037 1688,2032 1676,2032 1670,2027 1639,2029 1634,2032 1613,2030 1602,2039 1581,2037 1550,2030 1493,2031 1474,2040 1327,2039 1310,2037 1301,2029 1282,2029 1273,2035 1239,2036 1237,2029 1233,2027 1212,2028 1208,2038 1136,2040 1136,2033 1130,2027 1122,2026 1117,2031 1114,2041 1051,2041 1046,2032 1031,2031 1025,2042 990,2042 990,2087 1021,2088 1030,2097 1041,2096 1047,2088 1095,2091 1101,2098 1107,2099 1121,2098 1130,2088 1199,2086 1702,2087 1714,2088 1720,2094 1731,2094 1738,2089 1773,2087 1774,2093 1779,2096 1796,2096 1802,2094 1805,2083 2053,2084 2239,2093 2268,2097 2276,2103 2322,2102 2322,2062 2314,2061 2314,2052 2308,2046 2233,2043 2230,2037 2210,2043 2164,2039 2159,2038 2158,2031 2152,2027 2140,2028 2129,2035 2117,2029 2110,2029 2105,2032 2104,2037 2091,2038 2071,2037 2068,2030 2063,2028 2043,2031 2022,2028 2003,2038 2003,2030 1999,2026 1988,2024"/>
        <Word id="region0009_line0026_word0000" custom="readingOrder {index:0;}">
          <Coords points="1047,2034 1029,2034 1025,2042 1009,2042 1009,2084 1089,2084 1089,2041 1051,2041"/>
          <TextEquiv conf="0.9304569">
            <Unicode>ejus</Unicode>
          </TextEquiv>
        </Word>
        <Word id="region0009_line0026_word0001" custom="readingOrder {index:1;}">
          <Coords points="1199,2086 1258,2086 1258,2035 1239,2036 1237,2029 1233,2027 1212,2028 1208,2038 1136,2040 1136,2033 1130,2027 1122,2026 1117,2031 1114,2041 1104,2041 1104,2086"/>
          <TextEquiv conf="0.8773389">
            <Unicode>guttulæ</Unicode>
          </TextEquiv>
        </Word>
        <Word id="region0009_line0026_word0002" custom="readingOrder {index:2;}">
          <Coords points="1307,2035 1276,2035 1276,2076 1474,2076 1474,2040 1327,2039 1310,2037"/>
          <TextEquiv conf="0.9037127">
            <Unicode>ſumantur.</Unicode>
          </TextEquiv>
        </Word>
        <Word id="region0009_line0026_word0003" custom="readingOrder {index:3;}">
          <Coords points="1563,2033 1533,2033 1533,2085 1735,2086 1735,2038 1732,2039 1690,2037 1688,2033 1608,2033 1602,2039 1581,2037"/>
          <TextEquiv>
            <Unicode>Profeƈto,</Unicode>
          </TextEquiv>
        </Word>
        <Word id="region0009_line0026_word0004" custom="readingOrder {index:4;}">
          <Coords points="1873,2083 1873,2033 1851,2033 1850,2036 1767,2038 1767,2087 1773,2087 1773,2090 1803,2090 1805,2083"/>
          <TextEquiv conf="0.96379733">
            <Unicode>quod</Unicode>
          </TextEquiv>
        </Word>
        <Word id="region0009_line0026_word0005" custom="readingOrder {index:5;}">
          <Coords points="1906,2028 1891,2028 1891,2077 1996,2077 1996,2028 1983,2028 1981,2030 1981,2039 1908,2035"/>
          <TextEquiv conf="0.96513647">
            <Unicode>bona</Unicode>
          </TextEquiv>
        </Word>
        <Word id="region0009_line0026_word0006" custom="readingOrder {index:6;}">
          <Coords points="2070,2036 2012,2036 2012,2076 2085,2076 2085,2037 2071,2037"/>
          <TextEquiv conf="0.9169948">
            <Unicode>fide</Unicode>
          </TextEquiv>
        </Word>
        <Word id="region0009_line0026_word0007" custom="readingOrder {index:7;}">
          <Coords points="2121,2031 2106,2031 2105,2032 2104,2037 2102,2037 2102,2086 2135,2088 2292,2088 2292,2045 2233,2043 2230,2037 2210,2043 2164,2039 2159,2038 2158,2031 2135,2031 2129,2035"/>
          <TextEquiv conf="0.88995254">
            <Unicode>dixerim,</Unicode>
          </TextEquiv>
        </Word>
        <TextEquiv>
          <Unicode>ejus guttulæ ſumantur. Profeƈto, quod bona fide dixerim,</Unicode>
        </TextEquiv>
      </TextLine>
      <TextLine id="region0009_line0027" custom="readingOrder {index:26;}">
        <Coords points="1599,2091 1597,2098 1483,2096 1477,2087 1457,2088 1453,2096 1425,2097 1419,2088 1406,2087 1399,2097 1333,2098 1331,2090 1327,2087 1302,2087 1297,2091 1295,2098 1290,2098 1288,2093 1280,2088 1267,2089 1261,2098 1219,2098 1215,2088 1199,2087 1184,2089 1179,2098 1173,2096 1171,2089 1159,2088 1130,2089 1121,2099 1107,2100 1030,2100 1021,2089 1010,2089 1004,2094 1002,2101 990,2101 990,2146 1666,2146 1687,2143 1926,2141 1941,2142 1945,2145 2009,2146 2015,2140 2015,2109 2008,2103 2005,2095 1966,2093 1960,2087 1951,2087 1944,2093 1853,2093 1796,2097 1680,2097 1673,2088 1661,2088 1653,2098 1641,2098 1634,2090 1607,2087"/>
        <Word id="region0009_line0027_word0000" custom="readingOrder {index:0;}">
          <Coords points="1025,2095 1009,2095 1009,2138 1235,2138 1235,2098 1219,2098 1217,2095 1180,2095 1179,2098 1173,2096 1172,2095 1124,2095 1121,2099 1107,2100 1030,2100"/>
          <TextEquiv conf="0.90312606">
            <Unicode>incredibile</Unicode>
          </TextEquiv>
        </Word>
        <Word id="region0009_line0027_word0001" custom="readingOrder {index:1;}">
          <Coords points="1289,2097 1261,2097 1261,2098 1245,2098 1245,2138 1392,2138 1392,2097 1333,2098 1332,2097 1295,2097 1295,2098 1290,2098"/>
          <TextEquiv conf="0.91375685">
            <Unicode>viribus</Unicode>
          </TextEquiv>
        </Word>
        <Word id="region0009_line0027_word0002" custom="readingOrder {index:2;}">
          <Coords points="1424,2096 1407,2096 1407,2136 1497,2136 1497,2096 1483,2096 1453,2096 1425,2097"/>
          <TextEquiv conf="0.9072693">
            <Unicode>inde</Unicode>
          </TextEquiv>
        </Word>
        <Word id="region0009_line0027_word0003" custom="readingOrder {index:3;}">
          <Coords points="1640,2096 1597,2096 1597,2098 1507,2096 1507,2138 1653,2139 1653,2098 1641,2098"/>
          <TextEquiv conf="0.9058413">
            <Unicode>accedit</Unicode>
          </TextEquiv>
        </Word>
        <Word id="region0009_line0027_word0004" custom="readingOrder {index:4;}">
          <Coords points="1942,2143 1958,2143 1958,2099 1661,2099 1661,2143 1687,2143 1926,2141 1941,2142"/>
          <TextEquiv conf="0.9058413">
            <Unicode>incrementum.</Unicode>
          </TextEquiv>
        </Word>
        <TextEquiv conf="0.90716696">
          <Unicode>incredibile viribus inde accedit incrementum.</Unicode>
        </TextEquiv>
      </TextLine>
      <TextLine id="region0009_line0028" custom="readingOrder {index:27;}">
        <Coords points="1926,2142 1920,2144 1915,2153 1826,2153 1803,2156 1780,2156 1771,2145 1760,2145 1751,2155 1712,2155 1709,2147 1703,2144 1667,2146 1658,2156 1633,2156 1628,2147 1612,2147 1605,2156 1592,2155 1585,2146 1554,2145 1549,2157 1458,2158 1437,2158 1435,2150 1428,2146 1416,2147 1411,2158 1307,2158 1299,2148 1287,2149 1282,2158 1237,2156 1208,2148 1142,2148 1111,2152 1105,2156 1104,2190 1111,2196 1112,2205 1119,2209 1157,2211 1188,2218 1221,2220 1237,2216 1239,2203 1411,2203 1417,2208 1429,2210 1433,2205 1824,2204 1866,2200 2002,2200 2148,2208 2322,2211 2322,2165 2282,2164 2280,2158 2271,2153 2261,2153 2251,2163 2203,2158 2186,2160 2152,2155 1961,2152 1956,2146"/>
        <Word id="region0009_line0028_word0000" custom="readingOrder {index:0;}">
          <Coords points="1211,2149 1168,2149 1168,2208 1238,2208 1239,2203 1365,2203 1365,2158 1307,2158 1299,2149 1287,2149 1282,2158 1237,2156"/>
          <TextEquiv conf="0.92564553">
            <Unicode>Quoniam</Unicode>
          </TextEquiv>
        </Word>
        <Word id="region0009_line0028_word0001" custom="readingOrder {index:1;}">
          <Coords points="1435,2150 1414,2150 1411,2158 1397,2158 1397,2200 1584,2200 1584,2150 1551,2150 1549,2157 1458,2158 1437,2158"/>
          <TextEquiv conf="0.9081671">
            <Unicode>ejusmodi</Unicode>
          </TextEquiv>
        </Word>
        <Word id="region0009_line0028_word0002" custom="readingOrder {index:2;}">
          <Coords points="1630,2151 1615,2151 1615,2196 1817,2196 1817,2154 1803,2156 1780,2156 1775,2151 1754,2151 1751,2155 1712,2155 1710,2151 1662,2151 1658,2156 1633,2156"/>
          <TextEquiv>
            <Unicode>balſamica</Unicode>
          </TextEquiv>
        </Word>
        <Word id="region0009_line0028_word0003" custom="readingOrder {index:3;}">
          <Coords points="1960,2151 1916,2151 1915,2153 1853,2153 1853,2194 2132,2194 2132,2154 1961,2152"/>
          <TextEquiv conf="0.9151856">
            <Unicode>medicamenta</Unicode>
          </TextEquiv>
        </Word>
        <Word id="region0009_line0028_word0004" custom="readingOrder {index:4;}">
          <Coords points="2274,2155 2259,2155 2251,2163 2203,2158 2186,2160 2172,2157 2172,2195 2294,2195 2294,2164 2282,2164 2280,2158"/>
          <TextEquiv conf="0.92748743">
            <Unicode>maxi-</Unicode>
          </TextEquiv>
        </Word>
        <TextEquiv>
          <Unicode>Quoniam ejusmodi balſamica medicamenta maxi-</Unicode>
        </TextEquiv>
      </TextLine>
      <TextLine id="region0009_line0029" custom="readingOrder {index:28;}">
        <Coords points="1878,2212 1843,2213 1836,2204 1825,2204 1818,2209 1816,2215 1811,2216 1737,2218 1700,2217 1692,2206 1682,2206 1676,2215 1672,2216 1666,2205 1649,2206 1645,2216 1535,2216 1529,2206 1499,2206 1493,2216 1431,2216 1429,2211 1417,2209 1411,2204 1401,2205 1392,2216 1331,2216 1327,2206 1304,2205 1300,2207 1298,2216 1238,2216 1223,2221 1174,2216 990,2215 990,2263 1064,2261 1672,2263 1720,2266 1728,2271 1739,2271 1744,2267 1772,2266 1774,2273 1786,2275 1805,2263 1814,2262 1969,2256 1974,2259 2003,2260 2125,2261 2225,2269 2322,2270 2322,2222 2055,2214 2049,2213 2047,2206 2042,2203 2028,2203 2023,2212 1907,2212 1902,2202 1885,2201"/>
        <Word id="region0009_line0029_word0000" custom="readingOrder {index:0;}">
          <Coords points="1009,2219 1072,2219 1072,2248 1009,2248"/>
          <TextEquiv conf="0.92679465">
            <Unicode>me</Unicode>
          </TextEquiv>
        </Word>
        <Word id="region0009_line0029_word0001" custom="readingOrder {index:1;}">
          <Coords points="1327,2207 1300,2207 1298,2216 1238,2216 1223,2221 1174,2216 1089,2215 1089,2249 1379,2249 1379,2216 1331,2216"/>
          <TextEquiv conf="0.91228837">
            <Unicode>accommodata</Unicode>
          </TextEquiv>
        </Word>
        <Word id="region0009_line0029_word0002" custom="readingOrder {index:2;}">
          <Coords points="1414,2207 1399,2207 1397,2209 1397,2248 1482,2248 1482,2216 1431,2216 1429,2211 1417,2209"/>
          <TextEquiv conf="0.8465299">
            <Unicode>ſunt</Unicode>
          </TextEquiv>
        </Word>
        <Word id="region0009_line0029_word0003" custom="readingOrder {index:3;}">
          <Coords points="1530,2209 1499,2209 1499,2249 1550,2249 1550,2216 1535,2216"/>
          <TextEquiv conf="0.841672">
            <Unicode>iis</Unicode>
          </TextEquiv>
        </Word>
        <Word id="region0009_line0029_word0004" custom="readingOrder {index:4;}">
          <Coords points="1666,2206 1648,2206 1645,2216 1566,2216 1566,2256 1741,2257 1741,2217 1737,2218 1700,2217 1692,2206 1681,2206 1676,2215 1672,2216"/>
          <TextEquiv conf="0.91023314">
            <Unicode>morbis,</Unicode>
          </TextEquiv>
        </Word>
        <Word id="region0009_line0029_word0005" custom="readingOrder {index:5;}">
          <Coords points="1836,2261 1836,2208 1819,2208 1818,2209 1816,2215 1811,2216 1771,2217 1771,2263 1805,2263 1814,2262"/>
          <TextEquiv conf="0.9207526">
            <Unicode>qui</Unicode>
          </TextEquiv>
        </Word>
        <Word id="region0009_line0029_word0006" custom="readingOrder {index:6;}">
          <Coords points="1904,2207 1881,2207 1878,2212 1848,2212 1848,2249 1917,2249 1917,2212 1907,2212"/>
          <TextEquiv>
            <Unicode>ab</Unicode>
          </TextEquiv>
        </Word>
        <Word id="region0009_line0029_word0007" custom="readingOrder {index:7;}">
          <Coords points="2047,2208 2025,2208 2023,2212 1933,2212 1933,2249 2068,2249 2068,2214 2055,2214 2049,2213"/>
          <TextEquiv conf="0.91613126">
            <Unicode>atonia</Unicode>
          </TextEquiv>
        </Word>
        <Word id="region0009_line0029_word0008" custom="readingOrder {index:8;}">
          <Coords points="2255,2220 2083,2220 2083,2251 2293,2251 2293,2221"/>
          <TextEquiv conf="0.9094238">
            <Unicode>nervorum</Unicode>
          </TextEquiv>
        </Word>
        <TextEquiv>
          <Unicode>me accommodata ſunt iis morbis, qui ab atonia nervorum</Unicode>
        </TextEquiv>
      </TextLine>
      <TextLine id="region0009_line0030" custom="readingOrder {index:29;}">
        <Coords points="1946,2260 1941,2269 1894,2269 1887,2261 1872,2261 1858,2263 1853,2271 1810,2272 1805,2264 1786,2276 1476,2273 1474,2265 1467,2262 1451,2262 1446,2273 1424,2274 1415,2264 1403,2264 1396,2274 1389,2275 1379,2275 1377,2268 1372,2264 1359,2264 1353,2275 1270,2275 1266,2264 1256,2263 1238,2263 1229,2274 1224,2274 1216,2264 1206,2264 1199,2269 1197,2275 1163,2275 1155,2264 1141,2265 1136,2274 1087,2274 1083,2266 1076,2262 1057,2265 990,2265 990,2320 1265,2322 1294,2324 1302,2333 1318,2335 1325,2333 1334,2323 1473,2319 1670,2319 1672,2329 1689,2332 1700,2329 1703,2319 1715,2318 1815,2320 1990,2317 2150,2321 2165,2325 2222,2328 2278,2327 2304,2320 2322,2319 2322,2283 2278,2280 2272,2271 2258,2270 2251,2278 2158,2275 2153,2265 2138,2264 2131,2274 2129,2264 2112,2262 2106,2266 2104,2272 2086,2272 2081,2270 2078,2263 2072,2261 2059,2262 2054,2271 1982,2270 1978,2268 1977,2262 1969,2257 1955,2257"/>
        <Word id="region0009_line0030_word0000" custom="readingOrder {index:0;}">
          <Coords points="1008,2268 1047,2268 1047,2307 1008,2307"/>
          <TextEquiv conf="0.91575766">
            <Unicode>&amp;</Unicode>
          </TextEquiv>
        </Word>
        <Word id="region0009_line0030_word0001" custom="readingOrder {index:1;}">
          <Coords points="1083,2266 1063,2266 1063,2308 1216,2308 1216,2266 1203,2266 1199,2269 1197,2275 1163,2275 1156,2266 1140,2266 1136,2274 1087,2274"/>
          <TextEquiv conf="0.7945378">
            <Unicode>lentiori</Unicode>
          </TextEquiv>
        </Word>
        <Word id="region0009_line0030_word0002" custom="readingOrder {index:2;}">
          <Coords points="1266,2264 1237,2264 1235,2266 1235,2321 1265,2322 1368,2322 1436,2320 1436,2273 1424,2274 1415,2264 1403,2264 1396,2274 1389,2275 1379,2275 1377,2268 1372,2264 1359,2264 1353,2275 1270,2275"/>
          <TextEquiv conf="0.91342837">
            <Unicode>ſanguinis</Unicode>
          </TextEquiv>
        </Word>
        <Word id="region0009_line0030_word0003" custom="readingOrder {index:3;}">
          <Coords points="1471,2264 1454,2264 1454,2319 1473,2319 1670,2319 1670,2321 1702,2321 1703,2319 1715,2318 1744,2318 1744,2275 1476,2273 1474,2265"/>
          <TextEquiv conf="0.9227545">
            <Unicode>humorumque</Unicode>
          </TextEquiv>
        </Word>
        <Word id="region0009_line0030_word0004" custom="readingOrder {index:4;}">
          <Coords points="1807,2268 1798,2268 1786,2276 1765,2275 1765,2307 1928,2307 1928,2269 1894,2269 1893,2268 1854,2268 1853,2271 1810,2272"/>
          <TextEquiv conf="0.9105162">
            <Unicode>circuitu</Unicode>
          </TextEquiv>
        </Word>
        <Word id="region0009_line0030_word0005" custom="readingOrder {index:5;}">
          <Coords points="1977,2263 1944,2263 1944,2264 1944,2307 2048,2307 2048,2271 1982,2270 1978,2268"/>
          <TextEquiv conf="0.9027457">
            <Unicode>ſuam</Unicode>
          </TextEquiv>
        </Word>
        <Word id="region0009_line0030_word0006" custom="readingOrder {index:6;}">
          <Coords points="2165,2325 2186,2325 2186,2275 2158,2275 2153,2265 2138,2264 2131,2274 2129,2264 2112,2262 2106,2266 2104,2272 2086,2272 2081,2270 2078,2263 2072,2261 2063,2261 2063,2318 2150,2321"/>
          <TextEquiv conf="0.9257584">
            <Unicode>habent</Unicode>
          </TextEquiv>
        </Word>
        <Word id="region0009_line0030_word0007" custom="readingOrder {index:7;}">
          <Coords points="2293,2322 2293,2281 2278,2280 2272,2271 2258,2270 2251,2278 2210,2276 2210,2325 2285,2325"/>
          <TextEquiv conf="0.9063472">
            <Unicode>ori-</Unicode>
          </TextEquiv>
        </Word>
        <TextEquiv conf="0.89898074">
          <Unicode>&amp; lentiori ſanguinis humorumque circuitu ſuam habent ori-</Unicode>
        </TextEquiv>
      </TextLine>
      <TextLine id="region0009_line0031" custom="readingOrder {index:30;}">
        <Coords points="1702,2329 1689,2333 1656,2327 1649,2320 1630,2320 1619,2328 1580,2331 1568,2331 1563,2321 1547,2321 1541,2331 1513,2331 1507,2322 1495,2321 1485,2331 1369,2334 1352,2334 1348,2324 1334,2324 1325,2334 1318,2336 1301,2333 1243,2333 1241,2327 1235,2323 1223,2324 1216,2333 1213,2323 1203,2321 1193,2322 1188,2333 1061,2332 1052,2331 1046,2323 1034,2322 1026,2331 990,2331 990,2382 1023,2382 1032,2386 1040,2379 1110,2376 1144,2381 1152,2388 1161,2388 1169,2382 1296,2381 1299,2391 1311,2393 1317,2392 1324,2381 1348,2380 1473,2379 1551,2374 1668,2378 1862,2376 1870,2384 1879,2384 1888,2377 1908,2375 1920,2376 1922,2388 1928,2390 1948,2388 1952,2376 2242,2386 2248,2381 2265,2381 2270,2386 2322,2387 2322,2339 2225,2338 2218,2328 2206,2328 2198,2338 2163,2338 2160,2336 2159,2326 2150,2322 2111,2322 2105,2324 2101,2331 2087,2332 2080,2332 2079,2325 2074,2320 2056,2321 2052,2331 1986,2328 1837,2329 1833,2320 1813,2321 1807,2330 1752,2330 1749,2322 1744,2319 1715,2319"/>
        <Word id="word_1643713011359_5287" custom="readingOrder {index:0;}">
          <Coords points="1050,2329 1028,2329 1026,2331 1009,2331 1009,2378 1063,2378 1110,2376 1124,2378 1167,2378 1167,2357 1139,2333 1061,2332 1052,2331 1051,2329"/>
          <TextEquiv>
            <Unicode>ginem,</Unicode>
          </TextEquiv>
        </Word>
        <Word id="region0009_line0031_word0002" custom="readingOrder {index:1;}">
          <Coords points="1214,2327 1196,2327 1196,2369 1287,2369 1287,2333 1243,2333 1241,2327 1220,2327 1216,2333"/>
          <TextEquiv conf="0.92019105">
            <Unicode>hinc</Unicode>
          </TextEquiv>
        </Word>
        <Word id="region0009_line0031_word0003" custom="readingOrder {index:2;}">
          <Coords points="1350,2329 1329,2329 1325,2334 1318,2336 1306,2333 1306,2384 1322,2384 1324,2381 1348,2380 1418,2379 1418,2332 1369,2334 1352,2334"/>
          <TextEquiv conf="0.9330221">
            <Unicode>plane</Unicode>
          </TextEquiv>
        </Word>
        <Word id="region0009_line0031_word0004" custom="readingOrder {index:3;}">
          <Coords points="1512,2330 1486,2330 1485,2331 1442,2332 1442,2369 1583,2369 1583,2330 1580,2331 1568,2331 1567,2330 1541,2330 1541,2331 1513,2331"/>
          <TextEquiv conf="0.91051024">
            <Unicode>eximia</Unicode>
          </TextEquiv>
        </Word>
        <Word id="region0009_line0031_word0005" custom="readingOrder {index:4;}">
          <Coords points="1603,2331 1653,2331 1653,2371 1603,2371"/>
          <TextEquiv conf="0.9281389">
            <Unicode>eſt</Unicode>
          </TextEquiv>
        </Word>
        <Word id="region0009_line0031_word0006" custom="readingOrder {index:5;}">
          <Coords points="1751,2329 1702,2329 1689,2333 1681,2331 1681,2377 1765,2377 1862,2376 1863,2377 1884,2377 1884,2329 1837,2329 1807,2329 1807,2330 1752,2330"/>
          <TextEquiv conf="0.88925743">
            <Unicode>efficacia,</Unicode>
          </TextEquiv>
        </Word>
        <Word id="region0009_line0031_word0007" custom="readingOrder {index:6;}">
          <Coords points="2034,2378 2034,2338 1913,2338 1913,2375 1920,2376 1921,2384 1949,2384 1952,2376"/>
          <TextEquiv conf="0.9272794">
            <Unicode>quam</Unicode>
          </TextEquiv>
        </Word>
        <Word id="region0009_line0031_word0008" custom="readingOrder {index:7;}">
          <Coords points="2079,2326 2062,2326 2062,2372 2292,2372 2292,2338 2225,2338 2218,2328 2206,2328 2198,2338 2163,2338 2160,2336 2159,2326 2103,2326 2101,2331 2087,2332 2080,2332"/>
          <TextEquiv conf="0.8880602">
            <Unicode>batſamicus</Unicode>
          </TextEquiv>
        </Word>
        <TextEquiv>
          <Unicode>ginem, hinc plane eximia eſt efficacia, quam batſamicus</Unicode>
        </TextEquiv>
      </TextLine>
      <TextLine id="region0009_line0032" custom="readingOrder {index:31;}">
        <Coords points="1493,2378 1483,2381 1476,2389 1439,2391 1419,2391 1411,2381 1398,2382 1392,2391 1351,2391 1343,2382 1324,2382 1317,2393 1311,2394 1133,2390 1128,2381 1110,2377 1093,2379 1090,2388 1057,2388 1053,2380 1040,2380 1033,2387 1023,2383 990,2383 990,2437 1132,2436 1134,2446 1140,2450 1157,2450 1165,2445 1167,2437 1235,2439 1237,2447 1244,2452 1260,2452 1266,2448 1269,2440 1440,2441 1655,2438 1662,2439 1669,2446 1678,2446 1688,2439 1736,2436 1783,2436 1788,2447 1802,2449 1813,2448 1820,2436 1920,2436 2116,2444 2322,2446 2322,2399 2281,2398 2278,2390 2265,2382 2248,2382 2242,2387 2230,2387 2223,2397 2220,2387 2216,2385 2201,2386 2196,2396 2187,2396 2183,2386 2174,2384 2163,2385 2158,2395 2012,2389 1928,2391 1921,2388 1916,2377 1898,2376 1893,2378 1888,2388 1870,2388 1862,2377 1848,2378 1844,2386 1838,2386 1831,2378 1820,2377 1812,2387 1628,2389 1617,2388 1615,2383 1607,2378 1551,2375"/>
        <Word id="region0009_line0032_word0000" custom="readingOrder {index:0;}">
          <Coords points="1010,2388 1076,2388 1076,2431 1010,2431"/>
          <TextEquiv>
            <Unicode>hic</Unicode>
          </TextEquiv>
        </Word>
        <Word id="region0009_line0032_word0001" custom="readingOrder {index:1;}">
          <Coords points="1129,2384 1099,2384 1099,2436 1132,2436 1133,2441 1166,2441 1167,2437 1230,2438 1230,2392 1133,2390"/>
          <TextEquiv conf="0.9329708">
            <Unicode>liquor</Unicode>
          </TextEquiv>
        </Word>
        <Word id="region0009_line0032_word0002" custom="readingOrder {index:2;}">
          <Coords points="1348,2388 1320,2388 1317,2393 1311,2394 1245,2392 1245,2442 1268,2442 1269,2440 1384,2440 1384,2391 1351,2391"/>
          <TextEquiv conf="0.8805158">
            <Unicode>præſtat</Unicode>
          </TextEquiv>
        </Word>
        <Word id="region0009_line0032_word0003" custom="readingOrder {index:3;}">
          <Coords points="1417,2389 1399,2389 1399,2430 1440,2430 1440,2390 1439,2391 1419,2391"/>
          <TextEquiv conf="0.93108827">
            <Unicode>in</Unicode>
          </TextEquiv>
        </Word>
        <Word id="region0009_line0032_word0004" custom="readingOrder {index:4;}">
          <Coords points="1616,2385 1479,2385 1476,2389 1459,2389 1459,2439 1553,2439 1655,2438 1662,2439 1662,2439 1684,2440 1684,2388 1628,2389 1617,2388"/>
          <TextEquiv>
            <Unicode>affeƈtibus,</Unicode>
          </TextEquiv>
        </Word>
        <Word id="region0009_line0032_word0005" custom="readingOrder {index:5;}">
          <Coords points="1713,2399 1735,2399 1735,2429 1713,2429"/>
          <TextEquiv conf="0.7405161">
            <Unicode>a</Unicode>
          </TextEquiv>
        </Word>
        <Word id="region0009_line0032_word0006" custom="readingOrder {index:6;}">
          <Coords points="1837,2385 1746,2387 1746,2436 1783,2436 1786,2443 1815,2443 1820,2436 1920,2436 1887,2434 1887,2388 1921,2388 1919,2385"/>
          <TextEquiv conf="0.7405161">
            <Unicode>capitis</Unicode>
          </TextEquiv>
        </Word>
        <Word id="region0009_line0032_word0007" custom="readingOrder {index:7;}">
          <Coords points="1892,2434 1920,2436 1929,2436 1929,2390 1928,2391 1921,2388 1916,2377 1898,2376 1893,2378 1892,2380"/>
          <TextEquiv conf="0.92975396">
            <Unicode>&amp;</Unicode>
          </TextEquiv>
        </Word>
        <Word id="region0009_line0032_word0008" custom="readingOrder {index:8;}">
          <Coords points="1938,2400 2145,2400 2145,2432 1938,2432"/>
          <TextEquiv conf="0.9216049">
            <Unicode>nervorum</Unicode>
          </TextEquiv>
        </Word>
        <Word id="region0009_line0032_word0009" custom="readingOrder {index:9;}">
          <Coords points="2265,2382 2248,2382 2242,2387 2230,2387 2223,2397 2220,2387 2216,2385 2201,2386 2196,2396 2187,2396 2183,2386 2174,2384 2163,2385 2158,2395 2157,2394 2157,2433 2315,2433 2315,2398 2281,2398 2278,2390"/>
          <TextEquiv conf="0.9070361">
            <Unicode>debili-</Unicode>
          </TextEquiv>
        </Word>
        <TextEquiv>
          <Unicode>hic liquor præſtat in affeƈtibus, a capitis &amp; nervorum debili-</Unicode>
        </TextEquiv>
      </TextLine>
      <TextEquiv>
        <Unicode>Natum hinc mihi eſt, quo jam inde a multis an-
nis uſus ſum, balſamum ſpirituoſum liquidum, quod ex bal-
ſamis, oleis cephalicis, aromaticis ſelectiſſimis, puriori-
bus &amp; ſuaveolentibus eſt compoſitum. Hæc ſolvuntur certa
ſpiritus vini rectificatiſſimi quantitate, atque adeo hujus bal-
ſami, quod vulgo vitæ vocant, arcana præparandi ratio in
oleorum puritate, inque definita eorum proportione &amp; con-
venienti miſcendi modo unice continetur.
Ut igitur procedente ætate ſelectiora ex chymicis pa-
rata remedia, &amp; quæ in his maxime excellunt, olea deſtil-
lata majori ſint dignitate, haud alienum fore arbitror, ſi hu-
jus medicamenti vires, per multorum annorum proceſſus cu-
rioſe me obſervatas, paulo fuſius &amp; explicatius hoc loco com- a
memorem.
Ob blandum illud &amp; naturæ àmicum, quo inſtru-
ctum eſt, elementum fulphureum non modo ſanguinis ſul-
phur, cujus attenuatio &amp; evolutio robur &amp; vires corpori no-
ſtro maxime fœnerat, ſuaviter alit, mirifice inſtaurat &amp; inſi-
gniter perficit; ſed mitioribus etiam ſuis effluviis ſeſe in
intimos muſculoſarum &amp; nervearum partium receſſus inſinu-
at, easque vi, robore &amp; movendi potentia inſtruit. Qua
de cauſa uſus ejus maxime eſt commendabilis corporibus,
gravitate ætatis, præcedente morbo, corporis &amp; animi fati-
gatione, aut immodica ſanguinis profuſione multum debili-
tatis, ſi nimirum bis vel ter de die, mane vel ante cibum, aliquot
ejus guttulæ ſumantur. Profecto, quod bona fide dixerim,
incredibile viribus inde accedit incrementum.
Quoniam ejusmodi balſamica medicamenta maxi-
me accommodata ſunt iis morbis, qui ab atonia nervorum
&amp; lentiori ſanguinis humorumque circuitu ſuam habent ori-
ginem, hinc plane eximia eſt efficacia, quam batſamicus
hic liquor præſtat in affectibus, a capitis &amp; nervorum debili-</Unicode>
      </TextEquiv>
    </TextRegion>
    <TextRegion id="region_1676452964512_2795" custom="readingOrder {index:3;} structure {type:catch-word;}" type="catch-word">
      <Coords points="2216,2464 2216,2500 2298,2500 2298,2464"/>
      <TextLine id="line_1676452964583_2798" custom="readingOrder {index:0;}">
        <Coords points="2216,2464 2216,2500 2298,2500 2298,2464"/>
        <Word id="word_1676452964654_2801" custom="readingOrder {index:0;}">
          <Coords points="2298,2500 2216,2500 2216,2464 2298,2464"/>
          <TextEquiv>
            <Unicode>tate</Unicode>
          </TextEquiv>
        </Word>
        <TextEquiv>
          <Unicode>tate</Unicode>
        </TextEquiv>
      </TextLine>
      <TextEquiv>
        <Unicode>tate</Unicode>
      </TextEquiv>
    </TextRegion>
  </Page>
</PcGts>
