3038 3921
962 631 1150 677 eiuſdem
1178 631 1424 677 communis
1452 644 1552 677 cum
1579 631 1821 680 retentione
1850 646 1993 678 tamen
2010 635 2276 681 denariorum
2304 638 2533 683 duodecim
2559 634 2648 697 pro

966 692 1066 736 libra
1096 691 1269 737 nomine
1299 693 1519 739 diricturæ.
1546 693 1693 739 Debet
1724 694 1851 741 etiam
1879 695 2031 739 habere
2071 698 2267 752 præfatus
2298 710 2497 741 executor
2527 703 2640 742 habi-

964 750 1168 795 tationem
1197 751 1550 801 convenientem,
1580 764 1706 811 atque
1731 756 1981 801 decentem,
2012 758 2052 795 &
2081 760 2287 803 domum,
2318 761 2385 798 ſeu
2412 764 2636 813 palatium,

961 831 1169 869 vacuum,
1206 819 1414 869 liberum,
1456 820 1497 864 &
1542 819 1786 879 expeditum
1828 836 1909 877 pro
1946 820 2011 873 ſe,
2053 826 2093 865 &
2136 824 2205 868 ſua
2233 822 2390 868 familia
2421 827 2538 871 dictis
2569 827 2637 873 ſex

962 875 1166 922 menſibus
1204 877 1456 922 dumtaxat.
1499 880 1568 924 De
1606 894 1696 937 quo
1745 880 1887 925 ſalario
1928 878 2116 939 præfatus
2155 886 2212 927 D.
2245 884 2456 929 Executor
2484 886 2636 930 offerre

960 938 1085 985 debet
1124 941 1167 985 in
1208 940 1388 989 Eccleſia
1430 941 1469 987 S.
1500 943 1667 986 Ioannis
1705 941 1894 1001 Baptiſtæ
1932 943 1980 986 in
2016 942 2124 987 feſto
2167 943 2395 988 nativitatis
2426 950 2479 992 D.
2509 949 2571 996 N.
2604 953 2636 995 I.

959 999 1109 1053 Criſti,
1137 999 1209 1043 vel
1236 1001 1358 1045 Beati
1384 1000 1552 1045 Ioannis
1576 999 1796 1057 Baptiſtæ,
1822 1000 2049 1044 ſecundum
2077 1001 2194 1060 quod
2222 1013 2413 1058 tempore
2442 1001 2505 1047 ſui
2535 1009 2640 1062 regi-

959 1051 1087 1095 minis
1115 1056 1374 1101 occurrerit,
1400 1053 1564 1108 palium
1588 1068 1726 1097 unum
1749 1057 1810 1100 de
1836 1056 1958 1099 ſirico
1991 1057 2142 1099 valoris
2169 1057 2225 1099 ad
2265 1064 2404 1100 minus
2447 1060 2532 1102 libr.
2575 1077 2640 1110 15.

956 1113 1027 1158 Ac
1056 1114 1185 1155 etiam
1213 1127 1295 1169 pro
1323 1115 1489 1158 honore
1515 1113 1592 1158 ſuo
1619 1115 1741 1164 dare,
1772 1116 1812 1157 &
1843 1106 2026 1171 gratuito
2057 1116 2193 1174 largiri
2231 1115 2454 1162 ioculatori
2488 1121 2639 1164 Domi-

956 1187 1112 1219 norum
1138 1179 1221 1221 PP.
1254 1183 1295 1222 &
1325 1174 1561 1222 Vexilliferi
1588 1176 1776 1227 iuſtitiæ,
1807 1179 1848 1220 &
1891 1175 2035 1221 curiali
2079 1191 2223 1221 eorum
2256 1177 2378 1221 curiæ
2410 1190 2538 1221 unam
2573 1194 2638 1223 ro-

957 1233 1056 1278 bam
1092 1235 1152 1276 de
1192 1233 1271 1279 ſuis
1312 1233 1620 1287 honorabilem,
1666 1234 1815 1280 valoris
1856 1236 1909 1280 ad
1951 1231 2091 1281 minus
2122 1237 2266 1283 floren.
2306 1251 2367 1279 12.
2401 1240 2490 1281 auri
2530 1243 2639 1285 infra

957 1306 1041 1340 tres
1074 1292 1232 1338 menſes
1260 1295 1355 1354 poſt
1386 1295 1604 1341 introitum
1649 1296 1709 1342 ſui
1750 1299 1901 1344 officii.
1934 1298 2146 1342 Teneatur
2177 1299 2301 1343 etiam
2345 1302 2457 1343 idem
2490 1315 2641 1344 execu-

958 1370 1027 1403 tor
1059 1354 1226 1415 ſingulis
1252 1358 1323 1403 ſex
1352 1358 1564 1404 menſibus
1594 1359 1751 1405 ſolvere
1784 1359 2053 1417 campanariis
2083 1362 2222 1419 palatii
2255 1364 2384 1408 Dom.
2419 1364 2636 1409 Poteſtatis

959 1416 1143 1463 florenos
1171 1416 1281 1461 duos
1317 1417 1433 1466 auri,
1476 1418 1643 1462 notario
1680 1419 1989 1463 extractionum
2029 1421 2189 1478 præfati
2232 1426 2479 1465 communis
2517 1428 2637 1466 iuxta

958 1488 1121 1521 morem
1152 1474 1395 1524 conſuetum
1428 1476 1515 1523 flor.
1554 1491 1618 1530 15.
1650 1477 1763 1531 auri,
1783 1481 1945 1523 notario
1961 1478 2314 1525 reformationum
2345 1487 2435 1525 flor.
2468 1499 2506 1531 5.
2530 1501 2641 1539 quos

955 1536 1145 1582 denarios
1172 1542 1355 1584 retinere
1386 1537 1512 1586 debet
1539 1536 1742 1599 capſerius
1773 1555 1943 1585 cameræ
1962 1541 2066 1586 dicti
2092 1546 2335 1587 communis
2362 1546 2419 1585 de
2445 1552 2537 1586 eius
2559 1552 2645 1603 pri-

956 1613 1027 1646 ma
1054 1614 1160 1660 paga
1185 1600 1412 1650 ſolvendos
1443 1605 1561 1651 dictis
1588 1604 1784 1652 notariis.

1165 1730 1235 1777 De
1264 1729 1503 1789 viſitatione
1518 1730 1758 1785 ſtincarum
1788 1731 1929 1787 fienda
1970 1730 2149 1789 quolibet
2179 1730 2314 1795 menſe
2335 1740 2420 1792 per

1500 1785 1690 1834 Iudicem
1716 1780 1785 1836 D.
1805 1787 2077 1835 Executoris.

1459 1902 1910 1960 RUBRICA
1968 1929 2135 1961 XXIV.

954 2030 1088 2138 M

1091 2033 1202 2086 Enſe
1231 2035 1419 2094 quolibet
1449 2034 1591 2082 ſaltem
1632 2034 1757 2083 ſemel
1796 2036 1922 2084 iudex
1950 2037 2008 2084 D.
2040 2034 2289 2086 Executoris
2318 2036 2637 2086 ordinamento-

1126 2097 1219 2138 rum
1261 2092 1425 2131 iuſtitiæ
1467 2088 1664 2139 civitatis
1695 2090 1923 2135 Florentiæ
1960 2093 2021 2147 ire
2063 2094 2221 2138 debeat
2237 2094 2294 2146 ad
2337 2096 2480 2146 ſtincas
2513 2110 2635 2155 com-

955 2155 1093 2197 munis
1124 2154 1371 2206 Florentiæ,
1415 2158 1456 2200 &
1500 2157 1661 2206 videre,
1693 2157 1734 2200 &
1774 2156 2009 2201 examinare
2040 2156 2068 2201 ſi
2102 2168 2182 2214 qua
2227 2159 2439 2203 commiſſa
2471 2157 2639 2207 fuerint

955 2223 1102 2253 contra
1142 2223 1390 2262 carceratos,
1432 2216 1475 2256 &
1523 2215 1680 2258 ibidem
1721 2214 1939 2263 detentos,
1970 2216 2010 2259 &
2055 2215 2084 2260 ſi
2129 2214 2274 2273 aliquis
2305 2216 2487 2262 defectus
2518 2230 2635 2259 com-

954 2271 1192 2315 mitteretur
1218 2285 1293 2328 per
1323 2270 1573 2329 ſuperſtites,
1606 2273 1673 2317 vel
1703 2272 1800 2317 alias
1829 2271 2021 2331 perſonas
2052 2272 2298 2325 ſtincarum,
2330 2273 2370 2318 &
2418 2275 2462 2319 in
2493 2276 2637 2333 prædi-

956 2325 1058 2375 ctis,
1112 2327 1130 2367 &
1161 2325 1358 2370 omnibus
1386 2317 1715 2377 extorſionibus,
1744 2329 1787 2370 &
1828 2327 2041 2373 fraudibus
2085 2342 2188 2384 quæ
2208 2331 2357 2373 fierent
2387 2333 2431 2373 in
2463 2333 2640 2382 ſtincis,

956 2389 1104 2435 habeat
1133 2388 1310 2442 balìam,
1340 2387 1619 2449 poteſtatem,
1650 2392 1692 2435 &
1718 2390 2008 2442 auctoritatem
2037 2391 2167 2438 etiam
2196 2404 2345 2438 contra
2373 2391 2628 2453 ſuperſtites,

956 2449 1220 2500 camerarios,
1251 2451 1512 2510 proviſores,
1545 2456 1584 2498 &
1614 2452 1811 2500 officiales
1854 2448 2138 2513 quoſcumque
2176 2454 2419 2506 ſtincarum,
2451 2446 2497 2498 &
2531 2472 2637 2502 con-

957 2517 1017 2552 tra
1046 2505 1323 2568 quaſcumque
1364 2509 1460 2554 alias
1499 2509 1693 2570 perſonas
1736 2510 1862 2556 etiam
1910 2523 2162 2564 carceratas,
2194 2514 2233 2555 &
2264 2513 2307 2557 in
2336 2511 2558 2573 prædictis,
2592 2519 2634 2563 &

954 2573 1061 2617 circa
1090 2575 1282 2632 prædicta
1313 2575 1534 2635 unicuique
1565 2576 1760 2624 iuſtitiam
1790 2577 2017 2625 miniſtret.
2045 2577 2103 2625 Et
2132 2575 2247 2637 quod
2288 2577 2559 2638 cognoſcere,
2589 2586 2636 2628 &

955 2631 1227 2676 determinare
1254 2633 1378 2690 poſſit
1411 2635 1462 2679 de
1494 2636 1642 2680 debitis
1683 2634 1792 2679 inter
1833 2646 2084 2681 carceratos.
2123 2636 2289 2683 Debeat
2319 2635 2444 2682 etiam
2487 2638 2629 2684 ſaltem

953 2697 1142 2751 quolibet
1172 2697 1308 2743 menſe
1341 2698 1461 2743 ſemel
1492 2699 1538 2745 in
1569 2697 1777 2759 præſentia
1823 2702 1951 2749 officii
1980 2704 2081 2751 DD.
2111 2705 2189 2751 PP.
2220 2709 2260 2751 &
2303 2702 2539 2751 Vexilliferi
2571 2704 2630 2748 iu-

955 2753 1096 2803 ſtitiæ,
1127 2753 1166 2795 &
1197 2766 1342 2798 eorum
1372 2754 1645 2814 collegiorum
1677 2753 1800 2800 ſimul
1843 2765 2192 2812 congregatorum
2240 2756 2399 2810 dicere,
2431 2762 2471 2803 &
2502 2773 2629 2815 expo-

952 2826 1078 2863 nere,
1111 2810 1138 2854 ſi
1170 2827 1296 2871 quos,
1328 2815 1395 2860 vel
1426 2819 1564 2862 nullos
1597 2816 1779 2864 defectus
1809 2816 2022 2876 reperierit
2052 2814 2096 2862 in
2128 2818 2353 2864 carceribus
2385 2822 2628 2869 antedictis,

951 2879 992 2921 &
1025 2874 1139 2933 quod
1170 2875 1266 2921 inde
1296 2875 1439 2921 fecerit
1471 2879 1589 2936 ſuper
1620 2878 1806 2927 eiſdem,
1837 2880 1878 2922 &
1920 2876 2109 2937 prædicta
2156 2880 2298 2924 omnia
2327 2882 2461 2925 facere
2493 2890 2631 2923 tenea-

952 2953 1020 2985 tur
1068 2935 1141 2981 ſub
1183 2951 1305 2995 pœna
1348 2940 1434 2984 libr.
1474 2953 1566 2984 100.
1597 2954 1675 2998 pro
1720 2937 1904 3001 qualibet
1941 2939 2033 2987 vice
2063 2940 2116 2988 de
2154 2941 2295 2988 ſalario
2336 2943 2436 2989 dicti
2465 2941 2629 2992 domini

954 2997 1202 3048 Executoris
1232 2998 1473 3046 retinenda.
