2835 3308
746 522 848 554 Bezae
857 523 903 554 ed.
913 523 955 554 II.

744 565 910 606 Recognit.
928 566 953 599 I.

738 2103 821 2131 Edit.
847 2103 948 2135 Bezae

737 2134 798 2174 IlI.
814 2147 888 2174 Rec.
904 2146 946 2174 II.

816 2181 894 2232 [II.]

968 517 1030 552 ſeſe
1051 516 1185 552 liberius
1205 516 1365 554 exaltandi
1383 516 1563 553 occaſiones
1585 517 1749 556 offerrent.
1801 517 1912 568 Itaque
1931 519 2121 555 Verborum
2145 526 2176 555 et
2199 515 2416 557 formularum
2440 520 2538 557 inter-

966 563 1147 608 pretatione
1165 571 1355 605 contentus,
1369 565 1474 600 addidi
1491 567 1637 610 exempla
1651 577 1692 600 ex
1709 566 1852 612 profanis
1866 567 2057 608 authoribus
2075 567 2191 612 petita,
2210 578 2275 601 non
2293 575 2420 611 quoties
2435 573 2540 609 licuit,

964 616 1022 650 ſed
1036 615 1162 662 quoties
1188 611 1278 665 (meo
1288 614 1428 662 judicio)
1446 615 1490 648 ita
1512 617 1631 652 neceſſe
1656 620 1809 653 fuit.—
1844 619 1878 654 In
1901 620 1949 653 his
1973 625 2081 654 autem
2106 620 2259 657 omnibus
2284 626 2537 663 concinnandis,

966 665 1047 711 cum
1060 668 1193 707 Vallae,
1216 666 1425 716 Stapulenſis,
1451 668 1571 703 Eraſmi
1579 667 1869 709 annotationibus,
1890 672 1988 704 etiam
2002 673 2153 712 veterum
2170 676 2240 705 tum
2252 669 2452 706 Graecorum
2467 684 2540 706 tum

964 710 1180 766 Latinorum,
1177 721 1209 767 et
1223 719 1442 759 recentiorum
1461 724 1589 762 quoque
1609 721 1783 762 doctiſſima
1799 721 1914 769 ſcripta
1938 722 2108 770 diligenter
2134 724 2277 764 contuli,
2303 725 2320 758 a
2343 728 2460 767 quibus
2486 739 2539 760 me

963 760 1144 811 plurimum
1161 766 1308 815 adjutum
1325 768 1384 804 eſſe
1400 759 1486 803 ultro
1503 767 1675 814 profiteor:
1688 770 1884 823 quanquam
1901 774 1938 824 ne
1956 776 2005 806 his
2019 771 2161 816 quidem
2181 778 2236 808 aut
2259 778 2320 809 illis
2346 780 2391 808 ita
2413 778 2464 808 fui
2487 782 2540 808 ad-

965 821 1091 860 dictus,
1105 828 1141 855 ut
1157 830 1269 856 meum
1284 822 1446 867 judicium
1461 823 1561 858 libere
1577 834 1644 857 non
1660 823 1714 857 ſim
1731 823 1892 865 ſequutus.
1947 829 1999 860 Ad
2014 828 2092 860 haec
2108 829 2219 860 omnia
2236 831 2359 860 acceſſit
2374 832 2540 869 exemplar

965 883 1006 906 ex
1023 872 1173 915 Stephani
1191 874 1290 909 noſtri
1302 872 1502 908 Bibliotheca
1518 883 1592 908 cum
1612 866 1736 922 viginti
1754 873 1883 917 quinque
1903 881 1975 916 plus
1992 881 2100 909 minus
2116 883 2339 919 manuſcriptis
2358 885 2539 916 codicibus,

964 914 996 957 et
1013 924 1167 961 omnibus
1183 935 1265 966 pene
1280 923 1458 967 impreſſis,
1482 926 1522 961 ab
1538 925 1685 961 Henrico
1702 920 1864 970 Stephano
1879 927 1948 970 ejus
1972 928 2052 976 ſilio
2061 942 2160 972 quam
2180 934 2425 974 diligentiſſime
2443 938 2538 963 colla-

964 979 1056 1012 tum;
1083 985 1163 1018 quae
1180 985 1230 1009 res
1249 968 1307 1009 una
1327 985 1400 1017 prae
1418 974 1548 1010 caeteris
1567 983 1619 1012 me
1635 978 1668 1012 in
1684 967 1845 1024 plerisque
1861 975 2095 1021 ſublevavit.„
2138 986 2212 1016 Huc
2225 996 2323 1028 usque
2339 983 2514 1029 praefatio.

1137 1032 1302 1068 Henricus
1321 1031 1499 1077 Stephanus
1516 1032 1634 1074 notatis
1665 1044 1667 1069 a
1696 1028 1831 1071 Roberto
1835 1023 2006 1079 Stephano
2032 1035 2126 1085 patre
2127 1035 2200 1085 ſuo
2200 1031 2250 1086 ad
2261 1032 2362 1073 oram
2384 1038 2538 1073 editionis

963 1081 1175 1120 nobiliſſimae
1194 1085 1237 1119 N.
1256 1084 1302 1119 T.
1325 1081 1430 1129 graeci
1453 1082 1529 1118 anni
1552 1089 1656 1128 1550.
1679 1073 1882 1129 Iectionibus
1900 1081 2100 1131 variantibus
2117 1078 2281 1137 Editionis
2310 1084 2538 1138 Complutenſis

963 1140 1001 1170 ut
1018 1134 1203 1179 quindecim
1221 1136 1287 1173 mſſ.
1307 1131 1575 1182 exemplarium,
1584 1136 1739 1183 adjecerat
1752 1135 1948 1175 variationes
1964 1130 2111 1175 aliorum
2121 1133 2229 1190 decem
2249 1134 2389 1178 eodicum
2419 1144 2451 1178 et
2467 1146 2539 1179 Edi-

961 1186 1093 1222 tionum
1128 1197 1210 1229 pene
1242 1186 1392 1221 omnium
1426 1198 1507 1229 quae
1535 1188 1760 1232 Stephanicam
1789 1190 2029 1233 praeceſſerant.
2080 1192 2158 1227 Hoc
2183 1197 2361 1234 exemplar
2378 1197 2537 1227 Robertus

961 1239 1145 1274 Theodoro
1162 1240 1264 1272 Bezae
1279 1241 1359 1277 ſuo,
1381 1240 1438 1279 qui
1455 1248 1579 1273 novam
1590 1242 1654 1281 jam
1668 1241 1852 1278 verſionem
1871 1246 1909 1286 et
1922 1244 2145 1287 annotationes
2169 1246 2203 1287 in
2222 1246 2260 1287 N.
2270 1246 2313 1277 T.
2324 1247 2538 1283 moliebatur,

964 1288 997 1321 in
1015 1298 1147 1320 manum
1166 1289 1316 1326 tradidit;
1344 1289 1436 1328 isque
1457 1297 1547 1322 tanto
1563 1293 1731 1324 Theſauro
1748 1292 1882 1324 mirifice
1895 1293 1927 1324 ſe
1944 1293 1976 1324 in
1995 1301 2094 1331 opere
2110 1293 2178 1337 iſto
2197 1295 2332 1333 adjutum
2355 1302 2538 1332 profitetur.

963 1338 1083 1380 Ecquis
1101 1347 1179 1371 vero
1193 1339 1262 1382 ipſe
1282 1339 1354 1373 uſus
1371 1339 1488 1373 harum
1502 1338 1705 1374 Iectionum?
1724 1339 1865 1377 Adhibet
1881 1352 1931 1376 eas
1944 1341 2067 1375 ſcilicet
2083 1341 2121 1376 ad
2142 1343 2341 1391 explicandos
2358 1348 2538 1386 ſcripturae

964 1388 1068 1423 ſenſus
1085 1389 1136 1422 ſeu
1155 1387 1252 1423 etiam
1271 1382 1445 1425 ὑποϑέσεις
1458 1390 1527 1425 ſuas
1541 1388 1758 1427 ſtabiliendas:
1784 1392 1858 1426 raro
1874 1391 1913 1425 ad
1935 1393 2134 1433 eruendum,
2145 1396 2212 1432 cui
2231 1396 2426 1436 potiſſimum
2440 1400 2537 1429 inſer-

962 1439 1115 1480 viebant,
1141 1439 1220 1475 ſacri
1237 1439 1356 1480 codicis
1374 1445 1500 1475 textum
1518 1442 1711 1486 genuinum.
1743 1443 1784 1477 de
1802 1444 1864 1478 hoc
1881 1446 1966 1477 enim
1985 1456 2107 1485 parum
2125 1451 2268 1480 laborat:
2292 1457 2323 1479 et
2348 1453 2404 1497 ubi
2432 1455 2470 1493 de
2493 1456 2539 1500 le-

961 1495 1079 1530 ctionis
1096 1495 1275 1542 cujuspiam
1292 1494 1458 1534 ἀυϑεντία
1473 1497 1560 1532 forte
1576 1497 1660 1543 agit,
1684 1497 1843 1543 oſtendit,
1866 1508 1965 1542 quam
1978 1500 2060 1534 nihil
2073 1500 2140 1539 fere
2161 1503 2197 1536 in
2218 1502 2267 1534 his
2282 1504 2381 1536 rebus
2403 1506 2536 1542 viderit,

961 1545 1015 1581 vir
1031 1545 1116 1580 alias
1132 1545 1266 1580 eruditus
1286 1552 1318 1580 et
1338 1537 1504 1590 perſpicax
1522 1551 1571 1599 r).

1113 1593 1281 1646 [Variis
1305 1596 1443 1633 exemplis
1461 1585 1656 1627 comprobat
1663 1582 1795 1642 Millius
1808 1600 1975 1630 judicium
1982 1603 2080 1650 ſuum
2094 1603 2135 1646 de
2154 1604 2214 1648 hac
2225 1616 2368 1651 editione
2385 1608 2536 1657 Bezana,

961 1649 1006 1683 ad
1016 1648 1240 1690 annotationes
1252 1650 1322 1694 ejus
1335 1649 1485 1693 inprimis
1501 1654 1697 1694 provocans.
1753 1652 1817 1700 Nec
1839 1663 1853 1701 a
1875 1656 1956 1701 vero
1969 1657 2051 1701 plane
2070 1657 2218 1688 alienum
2241 1659 2313 1691 eſt,
2330 1662 2480 1696 quamvis
2499 1663 2536 1688 in

927 1701 1203 1742 inſequentibus
1222 1701 1425 1743 editionibus
1447 1698 1526 1748 Beza
1538 1702 1677 1745 quoque
1702 1702 1851 1740 ſtudioſe
1861 1705 1899 1739 in
1917 1711 2054 1737 textum
2073 1718 2235 1747 graecum
2250 1711 2470 1763 inquiſiverit,
2497 1716 2535 1741 ut

963 1750 1027 1792 ope
1043 1752 1218 1786 MStorum
1236 1751 1398 1790 Codicum
1412 1752 1504 1786 illum
1521 1751 1760 1797 caſtigatiorem
1772 1754 1958 1789 redderet.
1980 1756 2156 1790 Differunt
2173 1761 2260 1791 enim
2283 1762 2369 1797 ipſae
2392 1766 2463 1800 ejus
2485 1766 2535 1789 in-

962 1807 1013 1835 ter
1031 1801 1091 1835 ſeſe
1106 1800 1232 1836 ratione
1245 1801 1426 1838 Iectionum
1444 1800 1639 1838 variantium
1657 1802 1874 1839 adhibitarum
1889 1806 2057 1840 editiones.
2107 1809 2236 1841 Textus
2257 1813 2291 1839 in
2314 1813 2373 1839 hac
2391 1815 2533 1842 editione

962 1845 1023 1894 eſt
1022 1850 1252 1894 Stephanicus,
1269 1852 1517 1898 adjunctamque
1540 1852 1641 1903 habet
1654 1848 1687 1903 ad
1703 1863 1789 1897 latus
1801 1871 1875 1897 tum
1889 1860 2070 1897 verſionem
2084 1866 2230 1906 veterem
2247 1877 2440 1913 Vulgatam,
2458 1875 2535 1908 tum

962 1919 1085 1945 novam
1110 1922 1129 1945 a
1155 1906 1248 1954 Beza
1251 1921 1464 1953 confectam,
1479 1921 1553 1947 una
1567 1922 1641 1947 cum
1669 1912 1737 1956 ejus
1751 1912 2037 1950 annotationibus.
2090 1916 2146 1953 Uti
2162 1917 2247 1951 Beza
2262 1916 2453 1965 Eraſmum,
2477 1920 2534 1950 Ca-

961 1952 1117 1998 ſtalionem
1134 1960 1167 1987 et
1175 1960 1323 1990 veterem
1338 1956 1553 1997 Interpretem
1560 1961 1745 1997 ſaepiſſime
1771 1963 1828 2002 ſub
1841 1966 2018 1996 cenſuram
2036 1970 2190 1996 vocavit,
2208 1969 2259 2009 ita
2274 1975 2309 2004 et
2317 1971 2398 1999 ipſe
2423 1973 2533 1992 varios

954 1994 1110 2036 cenſores
1129 2001 1269 2050 invenit,
1296 2006 1388 2036 viros
1412 2007 1543 2050 magnae
1541 2009 1751 2048 eruditionis
1763 2014 1795 2051 et
1817 2010 1939 2052 famæ,
1960 2013 2018 2047 qui
2037 2008 2117 2041 eum
2137 2017 2205 2053 vel
2219 2016 2386 2041 Iaudarunt
2408 2019 2463 2042 vel
2484 2026 2533 2042 re-

960 2056 1210 2107 prehenderunt
1210 2056 1263 2108 s).

1496 2140 1572 2174 Edit.
1604 2141 1693 2174 Bezae
1716 2141 1786 2175 III.
1802 2141 1920 2183 Recogn.
1946 2142 1988 2177 II.

1011 2186 1041 2207 *
1056 2184 1134 2228 Jeſu
1160 2184 1295 2224 Chriſti
1322 2185 1370 2224 D.
1391 2185 1439 2224 N.
1462 2185 1616 2226 Novum
1638 2183 1920 2223 Teſtamentum
1942 2179 2027 2236 ſive
2039 2196 2177 2226 novum
2204 2184 2364 2226 Foedus.
2418 2187 2530 2237 Cujus

1059 2219 1209 2265 graeco
1235 2219 1433 2271 contextui
1455 2223 1676 2272 reſpondent
1683 2229 2012 2270 interpretationes
2040 2231 2153 2274 duae:
2173 2245 2250 2272 una
2264 2238 2394 2276 vetus:
2423 2245 2532 2279 altera

1072 2281 1170 2314 nova
1183 2268 1388 2316 Theodori
1405 2267 1542 2326 Bezae,
1565 2270 1755 2329 diligenter
1772 2266 1820 2320 ab
1837 2275 1868 2319 eo
1877 2272 2125 2338 recognita.
2141 2280 2312 2334 Ejusdem
2327 2284 2399 2322 Th.
2409 2286 2529 2323 Bezae

2379 2341 2531 2389 Anno-

1002 2379 1034 2415 r)
1056 2380 1169 2405 Millius
1176 2382 1297 2417 proleg.
1311 2384 1340 2415 p.
1352 2377 1430 2411 130.
1456 2386 1503 2403 Le
1518 2387 1597 2420 Long
1615 2388 1637 2417 p.
1639 2389 1741 2420 211.

960 2429 1018 2463 col.
1042 2443 1066 2462 1.
1082 2431 1230 2472 C.—p.
1254 2432 1327 2464 212.
1345 2431 1409 2465 col.
1431 2435 1456 2466 1.
1470 2433 1556 2466 C.

963 2473 1029 2511 s)
1059 2470 1192 2503 Omnium
1218 2471 1318 2512 primo
1336 2471 1387 2504 hic
1407 2472 1613 2506 nominandus
1638 2473 1743 2505 venit

959 2515 1115 2554 Johannes
1128 2514 1244 2554 Boiſius,
1264 2516 1316 2561 qui
1331 2515 1376 2549 in
1404 2514 1583 2565 collatione
1601 2515 1725 2556 Veteris

957 2548 1148 2600 interpretis
1163 2561 1230 2596 cum
1243 2560 1328 2592 Beza
1342 2552 1473 2608 aliisque
1487 2553 1738 2612 recentioribus,

957 2601 1093 2633 Londini
1116 2603 1210 2643 1655.
1239 2611 1266 2637 8.
1291 2596 1463 2644 Vulgatam
1477 2600 1599 2636 contra
1619 2604 1720 2637 cenſu-

958 2648 1011 2678 ras
1031 2645 1178 2678 Bezanas
1206 2643 1358 2680 defendit.
1411 2641 1565 2681 Accedunt
1588 2657 1739 2678 Druſius,

957 2686 1070 2721 Daniel
1104 2686 1231 2726 Heinſius
1259 2687 1293 2719 in
1314 2687 1589 2722 exercitationibus
1618 2680 1738 2728 ſacris,

953 2727 1100 2770 Lugdun.
1121 2726 1197 2760 Bat.
1223 2730 1320 2770 1639.
1350 2728 1405 2762 fol.
1444 2735 1476 2763 et
1501 2727 1720 2769 Cantabrigiae

955 2772 1046 2812 1640.
1077 2782 1107 2812 4.
1132 2764 1263 2805 Pricaeus
1299 2770 1423 2817 aliique.
1470 2771 1598 2808 Summa
1619 2771 1747 2825 laude

1767 2390 1876 2410 Bezam
1902 2392 2103 2425 proſequitur
2117 2396 2188 2421 Joh.
2219 2397 2315 2443 Henr.
2340 2398 2530 2439 Hottingerus

1772 2432 1914 2470 Biblioth.
1937 2433 2155 2479 quadripartit.
2174 2443 2241 2469 lib.
2257 2451 2281 2466 1.
2306 2453 2332 2465 c.
2347 2455 2376 2474 4.
2406 2456 2430 2476 p.
2442 2451 2526 2476 167.

1764 2470 1862 2505 Conf.
1893 2470 1930 2517 de
1945 2473 2001 2508 hac
2022 2482 2168 2509 editione
2189 2489 2297 2511 Knochii
2312 2489 2528 2530 Nachrichten

1770 2523 1909 2556 p.391.
1931 2518 2064 2567 Wetſtenii
2091 2531 2207 2568 proleg
2228 2535 2256 2558 p.
2276 2537 2350 2558 377.
2374 2536 2460 2571 Pritii
2482 2538 2528 2577 in-

1771 2559 1843 2610 trod.
1859 2560 1910 2601 p.
1927 2561 2001 2608 394.
2012 2571 2077 2607 J.
2088 2573 2134 2605 D.
2157 2577 2305 2607 Michaelis
2341 2574 2528 2609 Einleitung

1761 2597 1863 2637 Tom.
1885 2617 1910 2639 1.
1943 2619 1971 2646 p.
1985 2617 2075 2649 699.
2109 2614 2252 2655 Walchius
2281 2621 2310 2658 p.
2342 2634 2395 2659 41.
2417 2622 2527 2661 Catal.

1758 2639 1907 2685 Biblioth.
1918 2649 2102 2684 Süsmilchii
2114 2652 2154 2693 p.
2164 2658 2210 2682 12.
2235 2655 2387 2699 Maittaire
2397 2662 2526 2702 annales

1762 2686 1854 2725 Tom.
1868 2696 1908 2731 3.
1921 2696 2001 2736 Part.
2023 2698 2050 2721 2.
2071 2700 2092 2728 p.
2100 2700 2243 2733 733.J.
2257 2703 2307 2723 M.
2332 2704 2430 2747 Goezii
2448 2708 2525 2727 Ver-

1747 2735 1896 2772 zeichnis
1896 2743 1948 2773 p.
1972 2746 2022 2772 29.
2050 2739 2149 2772 Index
2165 2741 2248 2775 Bibl.
2264 2745 2409 2777 Wernig.
2424 2754 2454 2774 p.
2472 2751 2525 2786 22.
