2029 2642
901 369 1070 417 Omnes
1093 369 1305 429 poſſibiles
1320 359 1588 420 induſtrias,
1620 380 1731 425 quas
1764 365 1884 413 zelus

766 430 945 476 abunde
966 428 1292 487 ſuppeditabit,
1326 427 1562 483 adhibeat,
1594 437 1646 473 ut
1670 429 1880 475 obſtinati

763 498 1018 548 peccatores
1053 490 1111 535 ad
1151 491 1326 548 frugem
1356 490 1572 544 redeant,
1613 490 1756 535 media
1788 491 1878 537 effi-

762 549 972 595 caciſſima
992 556 1148 603 erunt,
1181 560 1355 605 preces,
1387 544 1606 605 ſacrificia,
1638 547 1876 593 mortifica-

755 609 930 664 tiones,
961 606 1301 655 exhortationes
1335 609 1531 667 privatæ.

879 672 1004 718 Dum
1027 668 1184 730 aliquis
1211 668 1590 728 parochianorum
1621 678 1870 728 ægrotave-

758 732 841 787 rit,
874 742 952 777 aut
981 733 1101 780 triſte
1130 731 1296 791 aliquid
1319 732 1358 777 ei
1387 729 1622 786 acciderit,
1653 739 1876 787 opportu-

758 807 870 840 num
880 789 973 843 erit
995 793 1122 852 ipſum
1161 794 1355 848 viſitare,
1388 791 1630 850 conſolari,
1662 792 1873 838 exhorta-

756 853 821 910 ri,
853 864 905 900 ut
930 855 1206 902 afflictionem
1236 854 1283 899 in
1315 853 1474 899 animæ
1511 852 1597 898 ſuæ
1633 854 1872 899 utilitatem

756 924 1021 969 convertat,
1054 914 1265 964 deſiderio
1284 909 1412 966 ſemet
1437 912 1715 971 emendandi,
1738 909 1784 972 ſe
1801 916 1873 958 to-

754 987 856 1022 tum
878 977 926 1021 in
947 974 1144 1022 divinam
1169 974 1446 1021 voluntatem
1466 972 1757 1033 reſignando,
1785 976 1871 1023 ſuſ-

760 1034 973 1094 cipiendo
994 1034 1266 1079 ſacramenta
1283 1025 1596 1088 eccleſiaſtica,
1627 1033 1869 1090 præſertim

755 1097 789 1142 ſi
820 1087 1049 1149 infirmitas
1080 1094 1222 1152 gravis
1252 1093 1335 1153 ſit,
1366 1082 1413 1139 &
1445 1103 1557 1136 tunc
1593 1093 1734 1150 quoad
1775 1093 1870 1139 fieri

756 1159 932 1217 poteſt,
963 1159 1104 1205 viſitet
1123 1171 1224 1202 eum
1255 1171 1414 1213 mane,
1447 1157 1492 1203 &
1529 1155 1738 1216 veſperi,
1777 1148 1917 1201 om-

748 1219 976 1277 nibusque
999 1218 1143 1263 modis
1165 1219 1241 1278 ipſi
1265 1217 1514 1269 ſubveniat:
1548 1217 1623 1263 ubi
1659 1218 1870 1264 viaticum

751 1277 1020 1337 præbuerit,
1064 1278 1217 1323 eadem
1244 1278 1404 1332 faciet,
1448 1288 1548 1335 quæ
1584 1273 1639 1320 de
1672 1277 1866 1334 generali

750 1334 1070 1381 communione
1097 1335 1316 1388 diximus,
1347 1333 1587 1393 præprimis
1618 1345 1766 1379 autem
1790 1347 1866 1381 ex-

746 1401 907 1445 citabit
936 1398 995 1445 ad
1029 1411 1227 1445 amorem
1262 1400 1377 1455 Dei,
1409 1396 1612 1445 dolorem
1634 1397 1689 1441 de
1710 1409 1864 1455 pecca-

744 1460 829 1516 tis,
862 1458 1242 1507 condonationem
1266 1459 1547 1518 injuriarum,
1587 1459 1633 1504 &
1665 1458 1863 1517 propoſi-

744 1529 845 1566 tum
867 1519 1060 1567 melioris
1071 1520 1200 1577 vitæ,
1213 1519 1243 1563 ſi
1264 1535 1360 1565 eam
1389 1519 1511 1565 Deus
1523 1517 1768 1577 producere
1780 1533 1864 1564 vo-

744 1581 892 1627 luerit.

874 1638 1004 1686 Circa
1036 1637 1458 1684 adminiſtrationem
1472 1645 1676 1682 extremæ
1690 1633 1892 1683 unctio-

744 1702 813 1747 nis
840 1710 991 1757 curet,
1025 1714 1081 1746 ne
1101 1703 1174 1748 illa
1197 1703 1453 1755 differatur,
1500 1710 1592 1746 aut
1611 1701 1708 1745 ſero
1728 1699 1878 1746 nimis

744 1764 1024 1823 præbeatur,
1050 1761 1258 1822 ſuggeret
1282 1774 1431 1809 autem
1456 1762 1644 1810 infirmo
1660 1765 1777 1810 actus
1809 1765 1856 1811 fi-

744 1825 849 1880 dei,
882 1824 1050 1870 doloris
1070 1824 1125 1867 de
1150 1823 1339 1882 peccatis
1360 1838 1434 1882 per
1454 1823 1596 1869 ſenſus
1609 1833 1701 1867 tam
1722 1823 1855 1867 inter-

746 1896 858 1938 nos,
891 1895 1025 1940 quam
1057 1893 1263 1928 externos
1287 1883 1490 1939 admiſſis,
1523 1880 1857 1941 reſignationis,

745 1945 931 2000 amoris,
963 1944 1008 1989 &
1028 1943 1213 1991 unionis
1238 1958 1338 1988 cum
1364 1944 1466 2000 Jeſu
1501 1943 1768 1998 moriente,
1791 1956 1856 1985 re-

744 2004 936 2050 novabit
958 2002 1090 2048 etiam
1117 2017 1217 2048 cum
1251 2012 1425 2061 ægroto
1462 2001 1713 2062 ſponſiones
1749 2002 1859 2059 bap-

743 2072 871 2115 tiſmi.

868 2128 912 2171 Si
935 2123 992 2170 ad
1014 2137 1209 2182 agonem
1232 2124 1481 2182 pervenerit
1491 2133 1709 2181 ægrotus,
1732 2123 1847 2169 deſe-

743 2183 906 2229 rendus
932 2198 1027 2229 non
1050 2184 1132 2238 eſt,
1165 2193 1403 2241 antequam
1419 2183 1618 2240 ſpiritum
1630 2189 1851 2228 commen-

745 2245 950 2304 daverit,
983 2244 1028 2291 &
1052 2244 1272 2292 oviculam
1295 2243 1584 2303 exſpirantem
1617 2244 1665 2290 in
1696 2256 1893 2289 manus
