2535 2881
934 441 1037 511 208

1142 453 1213 488 LIB.
1233 445 1281 494 II.
1295 455 1366 487 OBS.
1387 445 1493 492 XXI.
1516 457 1723 489 EXAMEN
1748 451 2026 492 SANGVINIS

940 559 1024 600 quæ
1042 545 1211 598 pondere
1228 548 1360 603 utique
1378 544 1611 599 exploranda
1626 547 1687 589 eſt.
1746 549 1801 587 Ita
1816 557 1908 587 vero
1924 543 2228 598 experimentum

941 608 1068 647 facere
1088 615 1254 658 oportet:
1314 602 1524 657 exigendus
1542 605 1588 645 ad
1605 604 1752 645 lancem
1772 602 1825 645 eſt
1843 603 1994 655 ſanguis
2021 614 2041 642 e
2069 614 2160 642 vena
2183 618 2228 643 e-

943 663 1087 715 miſſus,
1117 665 1244 718 poſtea
1263 666 1302 705 in
1321 666 1486 720 patinam
1511 664 1697 705 ſtanneam
1715 662 2010 712 immittendus,
2032 673 2153 717 quem
2171 660 2228 703 le-

944 725 983 765 vi
1002 720 1164 765 fornacis
1194 721 1319 764 calore
1336 721 1527 763 exſiccare
1553 722 1768 771 convenit,
1797 717 1863 760 ubi
1888 719 2010 773 pulvis
2026 731 2231 761 remanens

940 783 1065 827 ſiccus
1085 785 1223 827 iterum
1245 783 1438 826 librandus
1462 781 1534 831 eſt,
1564 784 1617 823 ita
1641 780 1771 824 exaƈte
1790 784 1979 837 quantitas
1996 783 2103 832 ſolidi
2130 783 2166 822 &
2185 783 2231 825 li-

945 842 1054 898 quidi
1073 843 1341 884 manifeſtatur.
1401 841 1495 897 Quo
1514 838 1596 893 plus
1616 842 1745 895 itaque
1769 838 1897 882 ſolidæ
1915 842 2079 882 materiæ
2103 838 2232 884 obſer-

942 907 1071 943 vatur,
1103 907 1150 935 eo
1171 894 1330 938 craſſior
1348 895 1384 935 &
1409 894 1586 935 tenacior
1603 883 1748 945 ſanguis
1763 890 1837 940 eſt,
1867 890 1936 943 qui
1955 889 2232 943 progignendis

944 956 1270 1001 obſtruƈtionibus
1284 952 1443 999 miriſice
1460 956 1684 999 velificatur.

1103 1017 1231 1058 Docet
1251 1026 1321 1055 nos
1347 1011 1423 1054 hæc
1443 1010 1693 1064 mechanica,
1722 1020 1801 1052 tres
1820 1020 1945 1066 partes
1963 1009 2113 1054 humidi
2128 1009 2166 1051 &
2184 1024 2235 1054 u-

941 1088 1032 1119 nam
1050 1075 1180 1117 ſaltem
1205 1074 1316 1117 ſolidi
1333 1089 1381 1116 ex
1398 1071 1584 1116 alimentis
1605 1072 1649 1115 ad
1668 1071 1861 1115 ſanitatem
1872 1070 2061 1114 tuendam
2078 1069 2150 1113 eſſe
2160 1085 2231 1114 ne-

941 1135 1117 1178 ceſſarias.
1175 1137 1280 1177 Hinc
1298 1136 1412 1175 etiam
1429 1130 1530 1176 reƈte
1547 1134 1729 1181 infertur,
1758 1130 1868 1186 quod
1889 1130 2184 1174 eſculentorum
2190 1123 2231 1182 &

945 1192 1240 1251 potulentorum
1259 1193 1409 1251 aqualis
1433 1192 1569 1236 debeat
1583 1192 1653 1235 eſſe
1663 1191 1884 1248 proportio,
1902 1190 2114 1248 ſiquidem,
2131 1203 2234 1247 quos

942 1253 1181 1304 aſſumimus,
1211 1251 1288 1295 cibi
1304 1252 1507 1293 minimum
1525 1249 1705 1309 æqualem
1722 1260 1867 1307 partem
1876 1248 2026 1292 humidi
2035 1249 2111 1303 jam
2119 1261 2235 1291 com-

943 1319 1172 1368 pleƈtuntur.

1082 1370 1293 1420 Deinceps
1310 1368 1350 1405 in
1366 1375 1688 1407 commemorato
1701 1366 1965 1417 experimento
1992 1363 2034 1406 id
2055 1364 2230 1409 notabile

943 1424 1143 1468 occurrit,
1181 1423 1294 1477 quod
1319 1431 1440 1477 aquea
1467 1434 1552 1474 pars
1576 1421 1764 1471 ſanguinis
1787 1421 1908 1472 longe
1933 1423 2047 1463 citius
2073 1418 2232 1474 avolet,

922 1488 1057 1534 quam
1079 1477 1222 1533 quævis
1237 1487 1355 1533 aqua,
1383 1477 1421 1518 in
1438 1475 1575 1519 eodem
1594 1473 1684 1516 loco
1710 1483 1821 1531 atque
1840 1474 1972 1515 eadem
1997 1476 2235 1528 quantitate,

942 1541 1063 1597 inque
1074 1539 1182 1583 ſimili
1199 1535 1279 1582 vaſe
1298 1537 1438 1595 poſita,
1454 1537 1490 1581 id
1501 1536 1610 1597 quod
1627 1536 1787 1591 indicat,
1804 1550 1881 1581 non
1895 1535 1990 1580 rude
2005 1539 2043 1581 &
2054 1535 2231 1589 crudum,

942 1603 1005 1646 ſed
1022 1599 1229 1645 admodum
1248 1612 1360 1642 tenue
1369 1601 1407 1643 &
1419 1600 1572 1644 volatile
1581 1599 1652 1643 eſſe
1670 1599 1766 1643 illud
1777 1597 1999 1649 humidum,
2025 1596 2130 1654 quod
2148 1594 2234 1641 ſan-

943 1663 1072 1716 guinis
1082 1675 1127 1703 ac
1137 1661 1345 1705 humorum
1358 1659 1529 1704 vitalium
1544 1662 1773 1702 mixtionem
1785 1660 2010 1716 ingreditur.
2021 1659 2231 1704 Nihilomi-

943 1732 1013 1760 nus
1033 1730 1158 1759 tamen
1183 1715 1330 1771 ſanguis
1346 1717 1540 1759 humanus
1565 1712 1688 1768 ſpecie
1706 1717 1859 1772 gravior
1886 1715 1936 1755 eſt
1955 1725 2054 1771 aqua
2072 1726 2232 1770 propter

943 1778 1136 1828 ſolidum,
1165 1787 1249 1832 quo
1267 1775 1454 1830 repletum
1472 1776 1545 1827 eſt,
1574 1773 1839 1821 elementum;
1870 1785 1960 1814 nam
1977 1771 2232 1828 quandocun-

946 1848 1019 1892 que
1046 1848 1109 1875 vas
1128 1846 1228 1890 aqua
1253 1834 1438 1891 repletum
1463 1835 1587 1877 unciis
1613 1847 1758 1876 novem
1783 1835 1820 1876 &
1841 1834 2030 1879 drachmis
2055 1834 2116 1875 ſex
2135 1845 2232 1886 pon-

946 1900 1037 1938 dere
1057 1890 1283 1948 reſpondet,
1311 1906 1406 1936 tunc
1433 1895 1460 1938 ſi
1484 1893 1608 1938 eidem
1628 1895 1704 1935 vaſi
1730 1894 1880 1948 ſanguis
1900 1891 2092 1934 humanus
2109 1890 2233 1935 infun-

945 1954 1072 2004 ditur,
1105 1952 1180 2002 ejus
1194 1952 1344 2007 pondus
1363 1952 1411 1994 ad
1430 1954 1561 1995 uncias
1580 1951 1719 1993 decem
1719 1951 1760 1993 &
1777 1950 1978 1997 drachmas
1994 1950 2092 1991 duas
2107 1952 2231 1993 incre-

944 2015 1033 2059 viſſe
1051 2010 1321 2057 obſervabitur.
1378 2011 1541 2065 Sanguis
1557 2019 1652 2066 ergo
1669 2005 1755 2063 plus
1766 2021 1884 2065 quam
1895 2007 2065 2053 dimidia
2065 2007 2179 2052 uncia
2188 2024 2230 2053 a-

947 2084 1041 2129 quæ
1051 2071 1273 2128 gravitatem
1303 2070 1459 2126 ſuperat.

1106 2132 1262 2177 Serum,
1291 2130 1404 2181 quod
1435 2127 1607 2182 ſanguini
1632 2139 1655 2168 e
1672 2139 1770 2168 vena
1796 2130 1920 2170 duƈto
1936 2130 2173 2178 ſupernatat,
2204 2130 2263 2171 ſi

945 2184 1142 2229 cochleari
1167 2194 1345 2240 argenteo
1363 2196 1565 2237 exceptum
1587 2182 1819 2228 carbonibus
1835 2182 1964 2236 ignitis
1983 2179 2232 2234 admovetur,

946 2258 1024 2285 non
1034 2245 1136 2284 ſecus
1147 2257 1191 2284 ac
1204 2242 1381 2285 albumen
1394 2242 1492 2292 ovi,
1473 2237 1512 2296 in
1524 2243 1664 2285 durum
1672 2242 1804 2285 ſciſſile
1812 2252 1948 2293 corpus
1959 2238 2232 2295 compingitur,

946 2316 1051 2346 certo
1075 2301 1249 2354 indicio,
1280 2302 1355 2344 hoc
1373 2298 1493 2356 ipſum
1520 2299 1637 2345 ſucco
1661 2302 1817 2343 nutritio
1837 2298 1998 2355 copioſo
2019 2299 2087 2344 eſſe
2111 2303 2232 2353 turgi-

947 2362 1046 2400 dum.
1105 2361 1247 2415 Neque
1265 2360 1385 2400 etiam
1410 2370 1518 2401 more
1537 2355 1703 2401 albumis
1720 2350 1781 2408 ovi
1801 2353 1904 2399 acidæ
1921 2354 1980 2400 vel
1989 2356 2154 2400 alcalinæ
2164 2369 2238 2397 na-

2138 2432 2234 2465 turæ
