2327 2694
917 386 949 434 §.
1005 392 1059 428 15.

465 446 601 496 Quoties
618 444 670 481 vel
699 448 774 483 vivo
798 446 903 484 adhuc
924 449 1063 490 marito,
1093 445 1144 482 vel
1163 446 1235 497 poſt
1258 456 1399 484 mortem
1425 448 1525 492 illius,
1551 461 1630 484 con-

347 506 457 555 curſus
477 520 676 557 creditorum
694 512 817 557 exiſtit,
843 510 938 549 vidua
961 511 1105 548 eiusdem
1130 511 1168 547 ad
1187 516 1430 562 perceptionem
1448 516 1541 550 huius
1555 526 1630 562 por-

346 586 444 621 tionis
463 577 577 627 legalis
588 576 744 626 adſpirare
758 581 878 628 nequit.
933 578 1078 616 Eaedem
1096 578 1148 615 hic
1164 581 1289 618 obſtant
1305 582 1456 620 rationes,
1480 587 1522 623 ob
1554 593 1630 630 quas

348 642 475 691 lucrum
495 648 579 684 dotis
605 645 701 679 etiam
727 645 760 678 in
785 644 837 680 tali
852 641 932 680 caſu
959 659 1014 695 per
1044 654 1169 680 textum
1202 646 1350 683 Ordinat.
1374 648 1541 685 Dicaſterii
1566 648 1627 684 aul.

345 716 534 763 provincial.
555 718 581 752 P.
590 710 641 761 II.
661 721 726 756 Tit.
735 721 834 757 XLV.
859 717 981 755 verbis:
1010 722 1072 755 und
1102 718 1178 764 ſeine
1194 718 1364 766 Hausfrau
1387 725 1440 758 der
1469 720 1628 760 landuͤbli⸗

346 785 415 829 chen
438 784 619 833 Beſſerung
643 784 723 826 nicht
748 794 784 831 zu
812 783 983 834 genieſſen,
1021 788 1147 835 ſondern
1171 787 1262 825 allein
1290 788 1374 836 ihren
1398 787 1627 835 eingebrachten

346 852 551 903 Brautſchatz
572 864 609 900 zu
627 852 733 900 fodern
758 854 878 902 haben,
906 855 950 892 illi
980 854 1167 903 denegatur.
1228 857 1320 894 Nihil
1347 856 1478 906 quidem
1501 856 1520 893 l.
1539 872 1565 893 c.
1588 857 1629 895 de

345 914 404 949 hac
428 917 581 965 portione
606 914 761 952 ſtatutaria
787 915 929 965 expreſſe
951 916 1107 953 ſancitum
1130 916 1269 966 legitur,
1302 916 1375 961 ſed,
1417 930 1519 968 quum
1541 919 1626 956 bona

342 995 450 1027 mariti
474 1000 541 1022 non
560 981 790 1029 intelligantur,
816 985 873 1020 niſi
900 984 1045 1020 deducto
1063 997 1134 1019 aere
1156 983 1282 1027 alieno,
1310 996 1371 1019 nec
1391 998 1472 1027 non,
1495 986 1626 1022 viduam

344 1045 593 1094 locupletiorem
618 1047 687 1083 fieri
715 1062 791 1089 cum
816 1052 939 1089 damno
961 1047 1182 1091 creditorum,
1210 1048 1332 1098 legibus
1357 1062 1499 1095 omnino
1518 1055 1627 1098 prohi-

344 1117 449 1154 bitum
465 1113 521 1160 ſit,
547 1118 665 1150 merito
681 1115 789 1166 legem
810 1114 950 1154 noſtram
976 1117 1014 1154 ad
1030 1118 1118 1153 hunc
1141 1129 1269 1168 quoque
1288 1114 1394 1154 caſum
1420 1117 1629 1169 applicamus.

344 1187 484 1224 Eatenus
506 1182 666 1223 conſentit
689 1188 854 1225 Proiectus
884 1188 1075 1227 noviſſimus
1105 1191 1165 1224 Iur.
1189 1186 1277 1226 feud.
1306 1188 1450 1233 Meckl.,
1481 1201 1577 1237 quem
1599 1192 1627 1233 b.

345 1256 527 1292 Mantzelio
553 1254 720 1293 debemus.
780 1259 824 1292 Ibi
853 1260 942 1294 enim
966 1257 1168 1306 diſponitur:
1192 1259 1304 1307 Auſſer
1328 1259 1505 1303 Concurſen
1534 1261 1630 1305 folget

346 1321 412 1368 ihre
437 1319 584 1365 fraͤuliche
599 1318 825 1367 Gerechtigkeit
848 1331 909 1359 aus
929 1320 1013 1360 dem
1039 1323 1131 1371 Lehn.
1191 1322 1278 1373 Quid
1303 1336 1381 1358 vero
1410 1323 1448 1360 de
1475 1326 1531 1372 illo
1557 1326 1628 1362 caſu

344 1381 546 1422 ſentiendum
572 1381 628 1429 ſit,
665 1381 690 1421 ſi
725 1386 856 1421 maritus
878 1381 1011 1436 quidem
1036 1395 1186 1435 tempore
1210 1389 1325 1423 mortis
1347 1383 1504 1426 ſolvendo
1524 1388 1629 1435 adhuc

345 1453 408 1499 eſt,
434 1464 576 1491 attamen
594 1467 666 1490 aere
688 1454 815 1502 alieno,
843 1454 933 1507 quod
951 1460 1042 1494 vivus
1066 1458 1244 1501 contraxit,
1269 1467 1362 1507 atque
1382 1455 1432 1492 ſua
1452 1475 1562 1501 natura
1586 1464 1629 1509 ita

348 1523 392 1562 eſt
404 1516 650 1570 comparatum,
682 1533 714 1560 ut
712 1516 942 1563 ſucceſſorem
960 1517 1048 1562 feudi
1065 1517 1106 1554 ad
1121 1521 1198 1556 illud
1215 1516 1406 1567 ſolvendum
1425 1520 1495 1566 non
1509 1529 1629 1568 prima-

346 1589 397 1622 rio
421 1583 613 1634 adſtringat,
640 1584 693 1623 ſed
710 1585 845 1624 demum
864 1586 1063 1633 ſubſidiarie,
1091 1587 1224 1624 obrutus
1240 1586 1388 1633 deceſſit,
1415 1598 1559 1632 maxime
1580 1604 1626 1642 di-

346 1652 432 1691 verſa
455 1653 499 1690 eſt
526 1655 641 1703 opinio
674 1652 862 1692 doctorum.
932 1654 994 1693 Alii
1021 1653 1246 1702 contendunt,
1283 1664 1416 1703 viduam
1442 1680 1510 1703 non
1538 1666 1628 1702 aliter

344 1719 489 1766 accipere
512 1716 601 1768 poſſe
618 1716 790 1759 dimidiam
814 1724 892 1764 eius,
921 1721 1008 1771 quod
1025 1720 1082 1770 ipſi
1098 1722 1171 1757 alias
1191 1722 1335 1764 debetur,
1362 1722 1459 1770 quam
1481 1723 1627 1762 detracto

344 1792 436 1821 antea
461 1799 531 1822 aere
550 1784 675 1830 alieno;
717 1798 810 1835 turpe
839 1803 927 1834 enim
948 1787 1028 1832 eſſe,
1059 1796 1181 1834 famam
1202 1805 1240 1826 ac
1260 1790 1360 1831 fidem
1382 1801 1497 1832 mariti
1509 1801 1631 1836 mortui

344 1868 411 1892 non
431 1856 567 1895 liberare
579 1870 619 1893 ex
639 1857 734 1895 bonis
753 1856 826 1904 ſuis,
853 1857 907 1895 ſed
923 1862 1031 1910 potius
1047 1858 1180 1895 viduam
1200 1859 1397 1909 locupletare
1412 1873 1488 1904 cum
1503 1861 1633 1909 damno

345 1917 562 1962 creditorum;
589 1922 642 1955 alii
658 1936 738 1958 vero
753 1928 906 1969 aequitati
935 1938 972 1975 ac
986 1925 1107 1968 rationi
1126 1922 1205 1971 legis
1220 1930 1327 1972 magis
1351 1934 1529 1975 convenire
1546 1932 1631 1974 affir-

343 1996 452 2032 mant,
478 1990 561 2026 hanc
574 1988 748 2027 dimidiam
771 2002 898 2038 partem
917 1993 1093 2036 bonorum
1106 2005 1121 2025 a
1140 1989 1297 2031 defuncto
1314 2007 1504 2042 relictorum
1533 1996 1630 2048 omni

341 2060 411 2101 caſu
439 2058 553 2096 viduae
570 2054 690 2095 ſalvam
714 2071 866 2104 manere,
892 2073 953 2097 nec
976 2060 1120 2097 detracto
1149 2082 1221 2107 aere
1242 2069 1349 2104 alieno
1376 2087 1452 2109 eam
1480 2068 1631 2115 minuen-
