2806 3263
1191 691 1380 744 quidquam
1407 695 1586 747 poteſtatis
1609 699 1646 734 in
1673 697 1866 737 debitorem
1891 698 2077 751 ſupereſſe,
2114 700 2185 737 iam
2208 702 2265 740 alii
2278 705 2303 748 s)
2335 704 2493 743 obſerua-

1192 765 1329 796 verunt.
1388 757 1538 803 Quando
1565 773 1648 797 vero
1673 760 1840 809 obligatio
1863 765 2030 803 debitoris
2053 771 2128 800 tam
2154 764 2285 802 incerta
2304 767 2372 812 eſt,
2398 777 2437 804 vt
2451 770 2494 808 de

1190 822 1262 873 ipſo
1278 823 1383 862 legati
1402 826 1476 862 iure
1492 825 1689 871 dubitetur,
1719 826 1780 864 etſi
1797 842 1878 866 cum
1894 828 2020 867 herede
2036 828 2090 875 agi
2105 830 2233 878 poteſt,
2263 839 2381 868 tamen
2397 837 2491 870 actio

1189 885 1356 932 legatario
1383 900 1456 924 non
1481 897 1576 925 recte
1594 890 1747 936 ceditur,
1771 892 1826 929 ſed
1847 893 1964 934 heres,
1996 898 2035 927 vt
2056 891 2126 941 ipſe
2149 906 2200 929 ex
2218 890 2266 944 ſua
2281 897 2424 942 perſona
2439 900 2489 936 ſo-

1189 948 1310 999 luſque
1334 963 1415 986 cum
1445 951 1604 990 debitore
1637 955 1850 1004 experiatur,
1886 955 2119 1003 compellitur.
2190 956 2296 999 Quod
2327 962 2491 998 auxilium

1189 1018 1272 1058 apte
1301 1015 1442 1048 vocauit
1465 1015 1616 1050 Iulianus
1633 1019 1660 1060 t)
1685 1018 1796 1051 incerti
1818 1017 1985 1058 actionem,
2016 1016 2095 1063 quia
2117 1014 2185 1051 ſine
2209 1019 2287 1066 plus
2306 1026 2488 1069 petitionis

1189 1077 1323 1111 inuidia
1343 1091 1413 1120 non
1436 1079 1549 1124 poteſt
1568 1081 1624 1122 agi
1645 1093 1664 1110 a
1679 1078 1864 1123 legatario,
1897 1080 1940 1115 ad
1956 1078 2135 1117 definitam
2147 1093 2221 1117 rem
2237 1093 2381 1125 vocato,
2408 1105 2489 1121 con-

1188 1148 1247 1174 tra
1272 1142 1468 1179 debitorem
1491 1142 1694 1179 difiunctim
1722 1152 1756 1179 et
1774 1142 1956 1181 indefinite
1973 1144 2181 1192 obligatum:
2213 1147 2269 1183 ſed
2288 1155 2400 1184 omnis
2418 1156 2490 1198 ſpes

1188 1206 1226 1238 in
1247 1206 1382 1239 heredis
1408 1206 1545 1239 actione
1567 1199 1678 1254 poſita
1696 1204 1761 1249 eſt,
1795 1218 1814 1241 a
1830 1205 1927 1243 cuius
1951 1215 2080 1244 euentu
2105 1206 2211 1254 legati
2232 1210 2334 1259 ipſius
2349 1216 2490 1250 fortuna

1187 1275 1333 1322 pendet.

1292 1409 1476 1450 Quatenus
1491 1409 1584 1447 heres
1599 1410 1779 1447 conueniri
1795 1424 1834 1446 ex
1848 1411 1962 1457 legato
1977 1413 2126 1451 nominis
2140 1413 2255 1465 poſſit,
2274 1415 2408 1453 dictum
2425 1417 2484 1456 eſt.

1185 1464 1253 1501 Sed
1273 1466 1356 1501 licet
1382 1466 1570 1510 legatario,
1606 1468 1713 1501 etiam
1734 1465 1804 1502 ſine
1826 1468 1962 1505 heredis
1984 1471 2186 1507 adiumento
2206 1478 2322 1507 ſtatim
2346 1484 2484 1509 actione

1187 1530 1285 1574 vtili,
1309 1530 1466 1567 aduerſus
1482 1532 1593 1578 ipſum
1611 1533 1784 1569 debitorem
1804 1535 1961 1584 experiri.
2016 1541 2136 1578 Quum
2156 1544 2249 1572 enim
2267 1544 2485 1588 ſaepenume-

1187 1602 1227 1625 ro
1246 1586 1428 1635 eueniſſet,
1456 1596 1494 1626 vt
1514 1590 1576 1631 iis,
1610 1589 1652 1626 ad
1670 1602 1754 1640 quos
1779 1601 2002 1633 commodum
2026 1608 2174 1633 actionis
2187 1610 2340 1648 ſpectare
2358 1611 2483 1636 debere

1186 1658 1258 1707 ipſa
1277 1660 1368 1695 ratio
1387 1668 1423 1697 et
1445 1659 1598 1706 aequitas
1615 1660 1813 1706 ſuaderent,
1837 1677 1908 1699 non
1929 1667 2007 1701 ſatis
2022 1668 2102 1703 eſſet
2121 1673 2334 1712 conſultum,
2365 1676 2482 1714 veluti,

1188 1715 1213 1751 ſi
1231 1717 1386 1751 actiones
1402 1729 1474 1753 non
1490 1714 1630 1753 fuiſſent
1640 1722 1845 1760 mandatae,
1870 1722 1895 1753 ſi
1912 1730 2065 1756 creditor
2078 1741 2301 1767 concurreret
2316 1747 2397 1782 cum
2412 1753 2485 1783 ces-

1185 1781 1338 1821 ſionario
1372 1784 1479 1820 etiam
1502 1780 1583 1835 poſt
1608 1784 1781 1821 mandatas
1807 1787 1979 1830 actiones,
2021 1787 2046 1822 ſi
2070 1790 2142 1836 ipſe
2169 1797 2335 1826 mandans
2361 1805 2481 1840 repelli

1184 1845 1296 1899 poſſet
1317 1849 1519 1899 exceptione
1540 1850 1665 1888 ſummi
1685 1852 1789 1897 iuris,
1822 1851 1848 1889 ſi
1869 1853 2034 1892 mandans
2055 1852 2123 1892 ſine
2143 1856 2271 1894 herede
2295 1861 2479 1897 defunctus

1184 1913 1282 1962 eſſet,
1307 1924 1346 1953 vt
1368 1929 1406 1953 ex
1432 1919 1503 1952 eius
1526 1915 1669 1969 perſona
1691 1918 1783 1956 actio
1808 1918 1926 1957 locum
1949 1934 2020 1959 non
2044 1920 2188 1959 haberet
2207 1924 2260 1971 v),
2289 1936 2324 1959 et
2344 1933 2379 1961 in
2404 1936 2479 1964 aliis

1186 1983 1303 2021 cauſſis
1326 1980 1480 2021 eiusdem
1502 1981 1652 2031 generis,
1682 1998 1788 2035 quum
1810 1988 1864 2025 vel
1887 1987 2090 2032 deficerent,
2119 1988 2173 2026 vel
2196 2002 2267 2027 non
2283 1995 2480 2030 ſufficerent

1183 2047 1336 2086 directae
1352 2049 1520 2085 actiones:
1540 2049 1675 2099 primus
1687 2054 1799 2089 Diuus
1814 2054 1892 2090 Pius
1902 2055 1937 2098 x)
1954 2052 2145 2092 emtoribus
2159 2056 2395 2094 hereditatum
2412 2064 2480 2095 hoc

1181 2110 1339 2156 indulſit,
1365 2118 1419 2156 vt,
1444 2120 1584 2162 praeter
1603 2113 1748 2151 directas
1765 2116 1935 2156 actiones,
1965 2127 1984 2149 a
2001 2118 2238 2156 venditoribus
2254 2126 2474 2166 mandandas,

1178 2178 1232 2215 vti
1250 2191 1387 2228 quoque
1410 2178 1545 2230 poſſent
1572 2183 1731 2230 vtilibus,
1764 2185 1834 2223 ſine
1858 2183 2002 2223 ceſſione
2029 2186 2184 2224 aduerſus
2209 2188 2311 2238 ipſum
2340 2190 2472 2229 debito-

1178 2254 1254 2280 rem
1276 2243 1313 2281 in
1332 2243 1501 2282 iudicium
1531 2244 1750 2285 deducendis.
1815 2250 1915 2291 Quae
1928 2245 2051 2293 venia,
2088 2261 2159 2285 non
2180 2253 2476 2303 interpretatione

2300 2332 2458 2380 pruden-

1226 2462 1262 2499 s)
1293 2475 1320 2497 v.
1342 2464 1413 2497 Sim.
1444 2477 1462 2497 a
1487 2466 1723 2510 Groenewegen
1751 2466 1800 2500 Tr.

1174 2511 1208 2541 de
1225 2507 1340 2553 legibus
1354 2511 1496 2554 abrogatis
1508 2520 1537 2553 p.
1556 2523 1592 2545 m.
1610 2520 1694 2552 712.

1220 2571 1255 2613 t)
1280 2572 1316 2604 L.
1338 2580 1397 2614 75.
1413 2575 1441 2614 §.
1457 2578 1511 2609 vlt.
1533 2576 1575 2609 D.
1593 2576 1626 2609 de
1640 2576 1706 2620 Leg.
1722 2576 1748 2608 I.

1894 2465 1933 2509 v)
1960 2470 1996 2504 L.
2017 2468 2097 2505 1.C
2113 2471 2145 2503 de
2159 2472 2191 2503 O.
2209 2483 2237 2504 et
2251 2474 2289 2504 A.

1893 2520 1939 2560 x)
1964 2521 2000 2549 L.
2024 2522 2079 2549 16.
2093 2524 2140 2560 pr.
2157 2522 2201 2550 D.
2224 2525 2256 2551 de
2275 2525 2356 2554 Pact.
