1665 2365
586 373 626 412 71

217 422 305 467 nihil
316 423 488 475 reperiet,
499 421 603 470 quod
618 419 751 457 ſtatum
765 412 991 464 aliquem,„

217 487 279 519 aut
291 476 484 529 imperium
496 475 592 515 civili
609 467 712 524 ſimile
731 463 884 525 ſapiat.
896 469 991 508 In„

213 530 252 570 id
283 535 454 580 Regnum
495 522 694 574 recipiendi
730 517 990 571 pœnitentia„

212 582 248 622 ſe
265 589 461 633 præparare
476 577 618 620 debent.
632 576 757 616 Matth.
767 578 825 614 lll.
842 588 869 610 2.
880 574 988 614 IV.„

213 643 260 680 17.
314 630 553 683 Evangelium
567 626 686 677 Regni
701 623 799 672 Jeſus
807 619 988 672 prædi-„

216 686 308 728 caſſe
323 687 460 726 dicitur
456 682 638 729 Matth.
612 679 662 729 IV.
675 677 716 729 23.
729 681 785 717 IX.
794 691 835 724 35.
862 675 987 718 Vir-„

215 758 335 783 tutes,
341 745 383 782 ac
399 732 650 783 diſpoſitiones
677 726 861 765 animorum
883 717 926 772 in
926 717 989 771 iis,

216 802 314 843 quos
325 789 620 841 ChriſtusRegno
628 783 694 824 ſuo
703 780 992 824 idoneos,eo-„

217 853 293 890 que
308 840 462 877 nomine
468 837 600 876 beatos
608 828 793 885 prædicat,
801 830 935 871 Matth.
945 831 992 867 V.

215 906 239 928 1
257 897 358 943 ſeqq.
377 893 429 927 ad
439 892 590 928 virtutes
606 883 748 925 civis
715 883 747 934 in
763 884 855 923 ſtatu
878 877 992 921 ali-„

220 959 304 995 quo
315 946 505 982 mundano
523 951 652 990 parum
667 937 815 977 faciunt.
839 931 901 975 Eo
901 931 994 974 in„

220 1015 337 1055 regno
357 1013 495 1053 parvus
512 1011 576 1038 aut
596 1008 753 1047 magnus
778 1003 995 1035 vocatur,„

222 1061 336 1100 prout
354 1049 516 1101 quisque
531 1055 703 1096 præcepta
728 1044 860 1082 Chriſti
886 1051 999 1081 ne-„

210 1104 372 1151 glexerit
393 1111 456 1139 aut
468 1095 670 1139 ſervaverit.
691 1096 822 1135 Matth.
837 1097 882 1130 V.
902 1102 1000 1136 19.„

212 1158 352 1198 VII.
316 1155 371 1208 21.
376 1151 465 1201 Ejus
477 1150 593 1201 Regni
614 1145 788 1195 juſtitiam
805 1154 889 1182 ante
908 1154 999 1182 o-„

223 1209 325 1241 mnia
341 1202 499 1250 quærere
509 1188 681 1246 jubemur
700 1186 823 1243 Matth.
838 1191 905 1229 Vl.
914 1193 998 1236 33.„

221 1258 399 1308 Ejusdem
413 1252 529 1304 Regni
544 1244 754 1298 myſterium
771 1237 822 1293 eſt
831 1240 1000 1284 ſingu-„

223 1313 309 1353 laris
318 1305 483 1358 operatio
496 1305 597 1345 verbi
615 1302 731 1344 divini
739 1303 845 1341 Matt.
857 1301 1001 1341 XIll.„

219 1374 274 1394 21.
291 1373 329 1400 31.
345 1372 387 1404 33.
399 1368 463 1401 44.
475 1364 527 1400 45.
538 1364 586 1402 52.
640 1355 735 1393 lntra
753 1350 883 1390 limites
895 1351 999 1388 hu-„

221 1415 284 1461 jus
294 1415 410 1464 Regni
424 1413 594 1448 dicuntur
604 1403 761 1444 tolerari,
775 1401 839 1450 qui
859 1397 1009 1445 ejus-„

232 1469 318 1504 dem
336 1466 413 1501 veri
431 1464 529 1498 cives
548 1470 626 1496 non
641 1455 740 1500 ſunt,
763 1454 825 1496 ſed
842 1448 1010 1495 hoſtili„

217 1520 357 1569 potius
366 1517 411 1557 in
411 1515 511 1556 iſtud
522 1513 668 1553 animo:
686 1510 730 1559 id
730 1508 842 1561 quod
842 1508 888 1554 in
896 1508 1011 1546 ſta-„

220 1583 272 1608 tu
301 1572 433 1619 aliquo
455 1562 648 1607 mundano
681 1572 759 1598 non
791 1556 1014 1608 indulgetur,

221 1622 358 1668 Matth.
384 1618 466 1664 XIII.
482 1627 532 1668 24.
542 1629 601 1667 47.
639 1607 749 1666 Hujus
769 1604 873 1669 Regni
894 1608 1012 1656 cla-„

232 1687 299 1715 ves
314 1677 355 1712 in
370 1672 538 1712 doctrina
549 1668 608 1708 de
608 1664 817 1707 remiſſione
826 1668 1014 1715 pecca-„

234 1737 360 1764 torum
369 1715 587 1765 conſiſtunt,
597 1718 727 1758 Matth.
737 1720 827 1761 XVI.
836 1710 884 1767 19.
908 1711 1014 1750 Sic„

235 1791 319 1822 quæ
329 1782 366 1813 de
378 1779 461 1821 jure
470 1766 714 1822 præcedentiæ
714 1766 761 1815 in
770 1768 896 1817 Regno
908 1761 1015 1803 Chri-

231 1834 282 1870 ſti
292 1830 502 1875 traduntur,
519 1827 539 1863 à
555 1833 655 1863 more
670 1821 885 1870 Regnorum
901 1816 1015 1867 hujus

227 1886 367 1939 mundi
381 1885 479 1931 plane
497 1874 703 1919 abhorrent.
716 1874 831 1913 Matth.
853 1872 1015 1912 XVIII.„

241 1947 260 1974 1.
257 1935 375 1990 ſeqq.
393 1938 469 1976 XX.
480 1947 523 1973 21.
529 1933 634 1985 ſeqq.
658 1934 775 1972 XXIII
795 1940 824 1974 8.
850 1929 1021 1969 Marc.„

244 1989 300 2029 IX.
307 1998 358 2039 33.
365 1998 421 2036 34.
451 1988 490 2026 X.
495 1993 592 2033 42.
604 1988 652 2024 In
674 1974 809 2031 Regnis
834 1971 1024 2026 munda-„

594 2039 625 2079 E
678 2042 706 2080 4

966 2029 1033 2069 nis
