1556 2214
436 1588 458 1620 P
478 1591 509 1620 3.

549 306 597 342 ad
608 308 692 349 l.17.
699 303 744 353 ff.
760 306 798 342 de
808 308 903 363 inoff.
911 308 1024 363 teﬆam.
1046 310 1084 351 Si
1109 316 1191 351 bene
1212 320 1265 348 non
1286 306 1341 349 in-

548 360 728 404 tellexiſtis
744 373 900 403 textum,
909 358 992 404 eum
1010 360 1201 414 legetister
1209 362 1245 404 &
1255 361 1342 416 qua-

549 422 619 456 ter,
627 416 659 449 &
668 412 811 453 ſonabit
819 413 938 459 vobis,
947 412 998 464 ſic
993 419 1090 456 enim
1103 417 1156 458 eſt
1164 430 1248 458 mos
1255 416 1343 462 Pau-

549 465 585 510 li,
595 464 630 504 &
644 459 675 504 ſi
675 458 843 506 haberem
855 477 937 504 eum
951 468 987 503 in
1000 466 1175 513 manibus,
1200 463 1266 517 eum
1284 464 1345 513 per

551 513 701 565 capillos
721 513 998 568 interrogarem.
1015 519 1117 561 Iſte
1134 510 1342 564 maledliƈtus

549 567 674 609 Paulus
686 567 733 608 ita
748 568 904 608 obſcure
921 565 1090 623 loquitur,
1099 581 1138 611 ut
1154 570 1212 611 vix
1228 563 1341 623 posſit

545 624 704 672 intelligi.

598 667 743 709 Deinde
749 672 857 703 etiam
866 661 926 705 hic
936 653 1227 716 diſtingvendum
1245 665 1342 708 inter

546 729 607 765 ea,
624 721 688 771 quæ
711 719 748 760 in
777 720 938 773 Corpore
958 719 1042 770 juris
1056 724 1091 763 &
1106 715 1340 770 Pandeƈtis
1301 721 1343 776 in

545 769 664 827 ſpecie
683 778 777 822 Leges
793 780 916 824 proprie
923 778 966 824 ſic
983 769 1068 820 diƈtæ
1082 772 1225 829 ſunt,
1204 773 1221 828 &
1240 772 1339 820 inter

548 825 772 876 definitiones,
780 824 939 874 diviſiones
952 820 1092 879 aliaque
1111 826 1270 877 principia
1289 825 1339 863 in-

546 877 745 924 terpretandi
759 880 804 909 ad
826 875 962 927 Logicam
982 872 1195 933 pertinentia,
1218 872 1278 934 quæ
1298 876 1339 920 in

544 930 606 971 illis
622 929 748 986 ſæpius
761 920 974 983 occurrunt.
1006 920 1142 984 Leges
1162 924 1337 996 obligant,

542 980 583 1022 &
589 982 616 1024 ſi
624 977 706 1022 ſunt
719 977 886 1031 receptæ,
895 978 924 1031 ab
941 973 1004 1024 illis
1014 980 1198 1028 recedere
1198 983 1287 1029 non
1298 985 1336 1025 Ii-

544 1043 621 1081 cet.
676 1034 729 1080 At
742 1029 975 1086 definitiones
996 1027 1016 1088 &
1032 1032 1166 1089 reliqua
1181 1040 1260 1083 non
1277 1040 1337 1080 ha-

542 1087 632 1127 bent
644 1087 708 1125 vim
728 1086 924 1139 obligandi.
982 1079 1243 1137 Indedefinitio
1256 1082 1337 1142 juris

543 1148 688 1183 naturæ,
707 1148 766 1188 quæ
784 1134 932 1180 habetur
948 1138 984 1179 in
992 1154 1048 1191 pr.
1064 1144 1100 1192 J.
1124 1145 1164 1182 de
1177 1134 1206 1182 I.
1243 1139 1282 1188 N.
1297 1139 1334 1188 G.

542 1189 582 1233 &
596 1200 627 1232 C.
643 1188 752 1241 reƈte
752 1189 918 1243 rejicitur.
968 1194 1028 1237 Sic
1042 1206 1191 1247 quoque
1209 1186 1336 1245 regula

542 1241 821 1297 interpretandi,
839 1256 919 1295 quæ
933 1245 971 1287 in
997 1249 1023 1286 l.
1034 1260 1066 1293 3.
1071 1248 1117 1295 ff.
1140 1251 1179 1288 de
1210 1242 1332 1299 Conſtit.

539 1297 681 1344 Princip.
697 1294 867 1339 habetur,
892 1294 978 1346 quod
998 1293 1137 1356 ſcilicet
1154 1290 1333 1360 beneficia

538 1347 752 1402 Principum
780 1346 940 1393 latisſime
959 1350 1031 1398 ſint
1040 1346 1332 1404 interpretanda,

539 1396 692 1449 oppido
711 1393 864 1440 erronea
879 1400 931 1442 eſt
947 1399 983 1440 &
1003 1393 1228 1451 experientiæ
1243 1405 1331 1448 quo-

535 1451 681 1491 tidianæ
711 1449 925 1494 adverſatur.
976 1452 1034 1494 De
1048 1445 1215 1504 ſimilibus
1229 1444 1329 1510 idem

534 1511 613 1550 eſto
626 1508 811 1551 judicium.

586 1553 831 1601 Eccleſiaﬆicis]
887 1551 978 1603 Quo
1002 1536 1197 1611 pertinent
1224 1551 1330 1611 cauſæ

537 1603 826 1651 matrimoniales,
835 1619 917 1657 quæ
930 1614 966 1648 in
983 1603 1223 1656 Conſiſtoriis
1232 1604 1329 1661 pro-

530 1667 661 1714 pterea
675 1650 878 1708 traƈtantur.
927 1653 1001 1718 Sed
1014 1654 1138 1703 tamen
1138 1661 1216 1705 nec
1226 1662 1266 1707 in
1266 1662 1329 1708 his

531 1702 641 1745 cauſis
664 1715 728 1756 per
746 1703 870 1746 omnia
884 1708 943 1755 jus
950 1702 1190 1762 Canonicum
1212 1701 1327 1761 ſequi-

531 1751 625 1803 mur,
637 1750 719 1809 v.g.
735 1769 815 1798 non
825 1756 1055 1814 agnoſcimus
1070 1753 1326 1822 conſangvini-

528 1818 641 1852 tatem
656 1806 904 1863 ſpiritualem:
922 1812 1001 1852 non
1021 1805 1180 1865 habemus
1199 1805 1322 1866 prohi-

526 1860 708 1902 bitionem
726 1857 948 1907 matrimonii
966 1863 1004 1904 in
1020 1863 1114 1906 linea
1130 1854 1322 1908 collaterali
