2341 2664
376 947 454 1063 S

454 953 655 1017 ubiectum
672 957 944 1013 propoſitionis
965 960 1138 1013 Δυναμις
1153 954 1269 1013 ύψιϛȣ
1283 963 1488 1011 ἐπισϰιασϵι
1498 980 1555 1011 σοι
1574 972 1698 1011 virtus

454 1016 651 1069 altiſſimi
675 1019 905 1062 obumbrabit
925 1034 964 1063 te
993 1024 1034 1064 in
1057 1022 1232 1065 ſermone
1259 1023 1436 1073 angelico
1467 1029 1557 1070 Luc.
1581 1038 1615 1073 1,
1643 1037 1697 1073 35.

374 1074 515 1117 obuiae
539 1076 586 1118 de
602 1073 763 1122 ſecunda
780 1077 987 1125 diuinitatis
1012 1079 1186 1139 perſona,
1226 1083 1309 1129 filio
1332 1089 1428 1141 Dei,
1461 1087 1534 1133 eſſe
1560 1089 1698 1135 intelli-

373 1127 564 1186 gendum,
604 1135 645 1176 in
670 1138 781 1179 Parte
805 1140 831 1179 I.
860 1138 973 1182 huius
998 1141 1289 1186 Exercitationis
1315 1146 1399 1186 ſatis
1425 1146 1610 1199 ſuperque
1634 1149 1696 1190 de-

374 1190 668 1233 monſtrauimus
694 1194 746 1245 ᵃ).
806 1196 907 1237 Cum
927 1193 1029 1239 vero
1054 1199 1278 1251 interpretes
1300 1200 1363 1243 alii
1388 1214 1566 1244 virtutem
1587 1204 1695 1247 illam

373 1244 542 1299 altiſſimi
558 1259 651 1288 mox
665 1246 713 1288 de
725 1247 877 1291 occulta
892 1252 1052 1305 quadam
1068 1256 1145 1294 Dei
1161 1257 1319 1304 virtute,
1353 1259 1433 1298 ſiue
1452 1260 1695 1312 omnipoten-

371 1300 424 1339 tia
445 1296 589 1350 diuina,
621 1314 718 1341 mox
738 1304 786 1343 de
800 1307 942 1357 Spiritu
951 1298 1106 1359 ſancto,
1138 1311 1454 1364 interpretentur,
1488 1324 1603 1368 prout
1625 1315 1694 1358 ibi-

373 1353 462 1393 dem
485 1355 560 1394 iam
584 1355 826 1407 monuimus;
867 1356 962 1401 haec
984 1355 1147 1403 aliorum
1170 1360 1351 1406 ſententia
1372 1378 1394 1406 a
1416 1368 1526 1408 nobis
1548 1369 1693 1417 diuerſa

369 1428 476 1461 nunc
490 1414 724 1463 diiudicanda
746 1433 805 1474 et,
839 1419 886 1465 ad
906 1424 1027 1479 magis
1047 1424 1302 1472 ſtabiliendam
1322 1428 1486 1475 noſtram
1509 1432 1690 1489 interpre-

370 1475 578 1524 tationem,
605 1478 837 1520 remouenda
855 1481 919 1523 eſt.
975 1482 1038 1525 Ad
1052 1481 1207 1528 illorum
1224 1496 1448 1536 numerum,
1487 1488 1552 1543 qui
1577 1492 1692 1532 omni-

366 1527 577 1585 potentiam
594 1530 763 1576 diuinam
781 1550 849 1590 per
865 1541 1049 1582 virtutem
1062 1541 1225 1587 altiſſimi
1242 1542 1474 1599 intelligunt,
1502 1548 1691 1593 referendi

366 1587 454 1633 ſunt
493 1601 549 1634 10.
628 1604 752 1634 GVIL.
796 1607 1002 1640 BAIERVS
1047 1596 1109 1652 ᵇ),
1162 1612 1339 1643 ANTON.
1380 1605 1607 1658 BYNAEVS
1607 1604 1692 1660 ᶜ),

367 1655 504 1685 IOAN.
530 1656 770 1692 FECHTIVS
798 1647 861 1707 ᵈ),
901 1662 1083 1694 MATTH.
1116 1658 1324 1710 FLACIVS
1324 1657 1402 1712 ᵉ),
1432 1672 1705 1702 FRANCISC.

1538 1719 1690 1769 GOMA-

412 1786 447 1832 a)
468 1789 506 1821 Et
531 1786 699 1824 actoribus
724 1788 882 1826 nobiseum
901 1791 1009 1827 facien-

368 1832 463 1873 tibus,
498 1842 527 1868 et
553 1833 595 1867 ibi
620 1847 648 1878 p.
672 1845 721 1878 75.
749 1836 856 1877 citatis,
895 1840 1008 1881 praeter

367 1884 494 1909 TITVM
530 1886 802 1920 BOSTRENSEM,
840 1879 1006 1915 GREGOR.

363 1917 594 1959 NYSSENVM,
619 1930 842 1955 VICTORIVM
867 1934 1008 1958 ANTIO-

367 1968 551 1997 CHENVM,
585 1968 773 2002 SEVERVM,
816 1976 893 1997 IOH.
924 1975 1007 1998 GEO-

367 2008 553 2035 METRAM,
580 2007 626 2038 et
654 2007 1006 2038 THEOPHYLACTVM

367 2051 385 2073 a
403 2052 577 2075 PETAVIO
598 2045 630 2075 in
643 2048 780 2089 Dogmat.
799 2049 898 2083 Theol.
915 2053 954 2084 T.
968 2053 1006 2085 II.

366 2088 400 2122 L.
419 2088 468 2119 IlI.
494 2088 566 2128 Cap.
582 2090 632 2120 VI.
659 2090 686 2126 §.
702 2099 732 2128 4.
754 2100 780 2125 5.
803 2099 832 2120 p.
848 2100 919 2134 52.
943 2090 1004 2133 ſqq.

368 2120 525 2159 adductos,
556 2119 743 2155 adnumerari
767 2118 864 2157 adhuc
885 2131 1008 2167 poſſunt

362 2169 407 2190 LE
431 2171 558 2194 BLANC
582 2163 613 2196 in
621 2167 716 2199 Tract.
734 2167 887 2207 Principes
902 2178 1002 2199 contre

360 2204 403 2237 les
424 2207 571 2240 Sociniens
593 2209 682 2241 Tom.
703 2210 724 2241 I.
748 2219 777 2251 p.
799 2210 869 2242 60
904 2210 1002 2250 BEDA

365 2246 397 2274 in
416 2246 525 2279 Homil.
549 2245 580 2278 de
595 2247 728 2281 Annunc.
754 2258 938 2285 BVNTING
967 2249 1001 2285 in

1048 1795 1137 1830 Paed.
1157 1797 1179 1831 I.
1197 1795 1231 1830 C.
1248 1807 1279 1840 p.
1295 1804 1344 1840 32.
1374 1807 1683 1843 DANNHAVERVS,

1048 1840 1080 1875 in
1095 1842 1260 1889 Hodoſoph.
1280 1854 1310 1881 p.
1326 1852 1395 1886 405.
1412 1852 1440 1876 et
1454 1851 1525 1890 408.
1552 1853 1684 1894 ROëLL.

1048 1883 1081 1917 in
1106 1885 1298 1920 Commentar.
1335 1889 1365 1919 in
1395 1892 1474 1933 epiſt.
1500 1894 1550 1924 ad
1575 1893 1684 1939 Epheſ.

1048 1927 1139 1960 Tom.
1156 1927 1179 1959 I.
1196 1939 1225 1968 p.
1242 1930 1313 1969 463.
1335 1937 1364 1960 et
1384 1939 1630 1966 SCHERZERVS
1651 1944 1686 1967 in

1046 1970 1204 2006 Breuiario
1220 1971 1374 2015 theologico
1392 1977 1420 2006 §.
1434 1983 1485 2012 47.
1501 1985 1532 2012 p.
1547 1984 1598 2011 45.

1089 2011 1122 2050 b)
1147 2012 1180 2041 In
1198 2011 1353 2054 Compend.
1372 2011 1457 2045 theol.
1475 2015 1557 2057 poſit.
1584 2018 1615 2050 P.
1631 2018 1708 2051 IlI.

1047 2058 1110 2101 Cap.
1137 2061 1173 2092 II.
1191 2060 1265 2092 Sect.
1286 2070 1310 2095 1.
1331 2062 1359 2103 §.
1376 2064 1427 2095 VI.
1444 2071 1506 2096 not.
1526 2065 1556 2096 b.

1090 2103 1118 2139 c)
1140 2106 1174 2137 In
1188 2105 1285 2139 Tract.
1306 2107 1336 2139 de
1356 2108 1462 2140 Natali
1481 2110 1501 2137 I.
1518 2110 1552 2140 C.
1570 2119 1600 2147 p.
1615 2115 1680 2145 131.

1088 2145 1125 2182 d)
1146 2148 1182 2177 In
1191 2144 1315 2189 Sylloge
1332 2147 1408 2187 Diſſ.
1431 2160 1477 2186 25.
1494 2152 1584 2180 Theſ.
1599 2158 1629 2182 2.

1084 2182 1111 2214 e)
1130 2181 1165 2209 In
1185 2180 1273 2212 Claue
1280 2179 1450 2223 ſcripturae
1459 2181 1538 2224 ſacr.
1560 2183 1637 2219 Part.
1653 2186 1679 2222 I.

1039 2229 1071 2259 p.
1096 2225 1185 2259 1326.
