2331 2818
733 576 838 619 Actis
855 575 1213 629 Altenburgenſibus
1230 586 1353 626 nuper
1371 576 1629 626 cognovimus,
1652 589 1691 617 re
1714 586 1838 616 tamen
1853 577 1925 628 ipſa
1941 587 2118 627 compro-

732 627 843 670 batur
850 628 1015 674 abunde,
1027 635 1061 669 &
1083 642 1131 668 ex
1142 629 1402 680 Apoſtolorum
1410 629 1605 670 annalibus
1621 630 1735 670 ſolide
1754 623 1993 680 confirmatur.
2019 631 2117 670 Multa

735 678 837 720 enim
848 676 992 729 Judæis,
1013 691 1078 719 cum
1102 692 1122 717 a
1140 683 1344 726 Servatore,
1355 689 1433 719 tum
1445 678 1489 718 ab
1509 675 1685 736 Apoſtolis
1707 674 1921 736 indulgenda
1943 690 2055 726 erant,
2075 686 2118 733 ne

732 730 780 771 ab
789 732 991 781 Evangelio
1001 732 1337 783 deterrerentur,
1302 733 1364 788 qvæ
1375 731 1491 772 hodie
1504 733 1586 784 poſt
1599 734 1776 783 ſepultam
1783 735 2115 782 Synagogam,
2039 736 2116 783 cum

731 783 922 826 Libertate
939 783 1143 824 Chriſtiana
1157 796 1178 824 e
1192 782 1375 825 diametro
1394 792 1576 833 pugnant.
1628 786 1707 831 Non
1707 786 1810 831 uſum
1814 785 1850 831 ſe
1860 783 1950 831 fuiſſe
1961 785 2115 834 poteſtate

728 831 804 888 ſua,
819 829 924 883 Paulus
949 833 1101 882 ſcribit,
1094 839 1119 881 ne
1129 834 1348 885 offendiculum
1358 834 1455 873 daret
1472 836 1641 884 Evangelio
1659 836 1842 884 Chriſti:ſed
1844 836 1970 882 factum
1973 834 2020 882 ſe,
2032 844 2116 884 per-

737 884 806 939 git,
814 888 950 938 Judais,
962 890 1049 938 qvaſi
1052 889 1212 938 Judaum,
1224 899 1261 925 ut
1268 889 1397 938 Judæos
1412 892 1615 934 lucrifaceret
1623 892 1687 928 &c.
1697 903 1718 927 i.
1738 896 1808 929 Cor.
1827 894 1882 932 IX,
1891 903 1928 924 12.
1942 902 1986 925 20.
1999 887 2117 941 Qvod

737 939 767 979 ſi
772 939 849 989 jam
860 948 1082 978 renovatum
1095 938 1270 982 volueris,
1291 941 1392 979 velut
1412 939 1678 990 Apoſtolicum,
1699 939 1798 987 qvod
1817 952 1882 989 pro
1894 938 2061 980 libertate
2079 945 2117 979 &

733 990 875 1031 virtute
891 989 953 1029 ſua
973 988 1131 1042 agebant
1148 988 1236 1036 illi,
1235 987 1257 1036 &
1274 994 1475 1039 Synagogæ
1485 988 1695 1038 agonizanti
1704 989 1977 1039 permittebant,
1989 1002 2121 1031 vereor

734 1045 832 1093 ſane,
842 1055 891 1085 ne
917 1044 1025 1085 velin
1044 1043 1211 1095 Judæum
1230 1043 1449 1096 degeneres,
1469 1048 1528 1085 vel
1542 1045 1579 1084 in
1599 1044 1829 1096 Apoſtolum,
1845 1043 1976 1096 qvovis
1993 1045 2122 1093 Judæo

734 1093 1051 1135 monſtroſiorem.
1098 1098 1168 1134 Nam
1192 1100 1212 1134 &
1234 1093 1465 1134 circumciſio
1476 1094 1542 1135 tibi
1552 1092 1767 1143 repetenda,
1784 1099 1819 1134 &
1838 1094 2119 1136 comedendum

732 1145 902 1187 Paſcha,
888 1143 903 1193 &
924 1145 1033 1183 variis
1049 1144 1186 1195 lingvis
1201 1143 1446 1193 loqvendum,
1466 1148 1499 1182 &
1515 1143 1828 1195 prophetandum,
1845 1149 1879 1183 &
1900 1144 2046 1184 donum
2067 1148 2119 1184 ſa-

733 1194 901 1234 nationis
912 1195 977 1234 tibi
987 1193 1321 1234 demonſtrandum
1330 1195 1396 1234 eſt.
1451 1199 1561 1234 Porro
1579 1195 1624 1232 ad
1643 1201 1675 1234 S.
1693 1195 1842 1232 Cœnam
1864 1205 1941 1230 non
1961 1199 2119 1244 amplius

730 1243 890 1284 accedes
900 1256 1020 1292 mane,
1034 1244 1095 1285 ſed
1114 1237 1236 1297 noctu,
1251 1256 1309 1283 non
1336 1244 1374 1282 in
1386 1246 1536 1296 templo,
1547 1245 1607 1285 ſed
1620 1245 1658 1285 in
1671 1244 1882 1287 diverſorio,
1893 1256 1962 1284 nec
1982 1248 2118 1285 ſtando

734 1299 875 1341 ſacrum
888 1299 1040 1349 epulum
1051 1297 1183 1351 capies,
1197 1299 1257 1340 ſed
1268 1298 1551 1343 diſcumbendo,
1564 1302 1622 1339 vel
1643 1297 1748 1340 humi
1769 1298 2120 1345 recumbendo;tan-

732 1351 821 1395 dem
834 1358 869 1394 &
880 1352 1005 1405 piſcari
1017 1352 1183 1406 incipies,
1192 1362 1235 1393 ut
1252 1351 1350 1394 adeo
1359 1364 1427 1407 per
1435 1352 1559 1394 omnia
1577 1351 1710 1395 referas
1729 1352 1946 1407 Apoſtolum
1961 1355 2041 1407 Ego
2052 1366 2118 1396 ve-

732 1415 775 1448 ro
785 1405 861 1447 hæc
874 1404 922 1445 ita
933 1404 1137 1446 connecto:

837 1455 871 1495 Si
884 1456 1038 1506 ipſomet
1049 1468 1127 1495 ævo
1138 1455 1348 1505 Apoſtolico
1364 1456 1402 1497 in
1416 1454 1634 1507 Adiaphoris
1654 1454 1815 1506 qvædam
1832 1454 2040 1496 immutavit
2051 1459 2117 1496 Ec-

837 1507 956 1551 cleſia,
965 1506 1013 1547 ad
1022 1506 1281 1547 declarandam
1300 1499 1507 1548 libertatem
1518 1522 1539 1546 a
1557 1507 1703 1547 Chriſto
1711 1507 1969 1557 promeritam;
1980 1518 2048 1548 nec
2060 1517 2117 1545 ta-

834 1569 914 1601 men
934 1561 1012 1602 ideo
1034 1565 1090 1602 vel
1107 1562 1324 1608 Chriſtiana,
1351 1563 1407 1600 vel
1418 1562 1628 1612 Apoſtolica
1652 1563 1723 1603 eſſe
1734 1563 1859 1604 deſiit:
1879 1563 2115 1610 conſeqvitur

835 1613 928 1655 inde
938 1614 1048 1655 etiam
1058 1613 1144 1655 huic
1162 1612 1317 1657 Noſtræ,
1328 1625 1393 1664 per
1408 1612 1504 1654 illam
1528 1611 1668 1653 rituum
1684 1614 1943 1659 differentiam,
1956 1609 2120 1664 dignita-

838 1675 917 1707 tem
929 1666 1139 1707 Chriſtianæ
1159 1670 1182 1705 &
1187 1666 1404 1717 Apoſtolicæ
1415 1665 1581 1709 Eccleſiæ
1593 1666 1767 1714 denegari
1778 1665 1878 1706 haud
1889 1665 2001 1716 poſſe.
2038 1670 2116 1713 Jam

836 1716 941 1766 prius
950 1716 1041 1760 illud
1055 1715 1241 1759 hactenus
1258 1716 1446 1758 oſtenſum
1463 1715 1530 1761 eſt,
1542 1717 1645 1758 unde
1655 1721 1689 1758 &
1698 1716 1883 1768 poſterius
1895 1718 1990 1758 ultro
2009 1718 2119 1758 relin-

838 1769 975 1818 qvitur.

837 1815 930 1858 §.IV.
940 1818 1068 1854 Liceat
1076 1812 1166 1853 mihi
1177 1804 1285 1855 latius
1293 1818 1370 1853 hæc
1384 1809 1561 1864 perſeqvi,
1573 1823 1658 1852 cum
1667 1811 1891 1854 adverſarios
1902 1813 2118 1863 intelligam,

732 1856 893 1907 libertati
903 1867 1034 1903 noſtræ
1044 1875 1153 1916 qvam
1164 1867 1324 1904 maxime
1341 1863 1517 1905 inſidiari.
1566 1866 1743 1906 Suffocati
1754 1867 1787 1901 &
1800 1868 1982 1915 ſangvinis
1992 1877 2121 1903 come-

729 1924 895 1969 ſtionem
912 1926 1137 1978 prohibuere
1156 1923 1334 1978 Apoſtoli,
1346 1925 1463 1967 misſis
1483 1923 1530 1966 ad
1547 1935 1682 1978 gentes
1700 1924 1813 1966 literis
1827 1917 2034 1977 Synodicis,
2037 1933 2118 1982 qvæ

731 1971 784 2016 ſic
794 1972 977 2015 habebant:
1007 1976 1113 2022 Viſum
1120 1977 1161 2023 eſt
1170 1976 1302 2025 Spiritui
1314 1975 1438 2020 Sancto,
1449 1986 1487 2010 ac
1496 1977 1595 2019 nobis,
1605 1985 1644 2010 ne
1661 1974 1742 2022 qvid
1760 1976 1892 2020 amplius
1907 1978 2119 2021 imponeretur

731 2028 826 2068 vobis
835 2029 949 2067 oneris,
960 2039 1056 2076 qvam
1076 2028 1135 2064 hæc
1143 2028 1339 2076 neceſſaria:
1354 2028 1510 2068 videlicet,
1526 2039 1563 2065 ut
1577 2029 1760 2075 abſtineatis
1777 2029 1820 2064 ab
1842 2029 2057 2076 ldoloibyibis,
2097 2034 2119 2069 &

725 2082 894 2132 ſangvine,
920 2083 937 2119 &
956 2079 1124 2131 ſuffocato,
1132 2075 1167 2127 &
1173 2083 1386 2130 ſcortatione:
1397 2084 1467 2120 Act.
1483 2086 1555 2123 XV,
1567 2087 1612 2124 28.
1624 2096 1672 2128 29.
1723 2083 1795 2123 Ubi
1813 2085 1834 2121 &
1851 2096 1866 2121 a
1882 2081 2018 2131 Spiritu
2028 2083 2118 2124 San-

732 2129 801 2173 cto
810 2126 1027 2184 profectum
1036 2128 1108 2169 hoc
1119 2130 1312 2172 decretum
1324 2131 1516 2173 innuunt,
1517 2130 1534 2183 &
1549 2131 1790 2172 neceſſarium
1802 2131 1944 2171 ſervatu
1959 2130 2045 2178 eſſe,
2064 2133 2120 2172 af-

732 2183 891 2225 firmant.
901 2184 1043 2224 Multus
1052 2185 1091 2223 in
1103 2183 1161 2222 his
1169 2184 1422 2225 defendendis
1432 2185 1550 2234 Hugo
1560 2184 1714 2224 Grotius
1723 2183 1792 2226 eſt,
1810 2183 1943 2232 ſaltem,
1957 2193 1999 2223 ut
2010 2195 2116 2225 more

731 2235 801 2274 ſuo
813 2234 986 2285 frigidam
1003 2233 1189 2278 ſuffundat
1200 2234 1351 2280 Judæis;
1374 2243 1504 2273 verum
1514 2234 1606 2275 cum
1610 2233 1632 2284 &
1651 2234 1712 2275 hic
1728 2242 1953 2285 repugnaret
1971 2236 2118 2277 libertas

731 2283 950 2331 Chriſtiana,
973 2292 990 2326 &
1016 2284 1121 2333 ratio,
1136 2287 1214 2336 qvæ
1225 2278 1263 2332 ad
1280 2285 1499 2328 evitandum
1515 2285 1763 2331 infirmiorum
1780 2286 1990 2328 ſcandalum
2001 2291 2117 2335 perti-

732 2338 861 2384 nebat,
877 2337 953 2394 poſt
970 2339 1085 2379 initam
1107 2336 1318 2387 Judæorum
1336 2343 1370 2379 &
1384 2336 1595 2382 Gentilium
1609 2346 1737 2387 pacem
1746 2338 1898 2389 penitus
1909 2340 2118 2388 exſpiraret:

730 2392 880 2434 inſimul
890 2386 1035 2434 ceſſavit
1046 2394 1138 2434 ritus
1147 2393 1207 2433 ille
1222 2390 1471 2444 Apoſtolicus,
1489 2390 1585 2433 adeo
1597 2400 1640 2429 ut
1648 2392 1847 2444 Auguſtini
1870 2397 2035 2448 tempore,
2051 2403 2118 2443 qvo

730 2446 834 2484 certe
846 2440 1003 2484 Eccleſia
1014 2442 1183 2483 indolem
1197 2439 1443 2495 Apoſtolicam
1457 2454 1536 2482 non
1550 2440 1722 2487 amiſerat,
1734 2442 1850 2497 talium
1873 2442 2083 2490 obſervans,
2092 2456 2118 2482 a

729 2493 877 2549 cæteris
894 2491 1097 2561 Chriſtianis
1113 2496 1342 2544 irrideretur.
1393 2495 1595 2556 Auguſtini
1619 2498 1730 2542 verba
1745 2499 1852 2553 ſunt:
1885 2496 1962 2561 Qvis
1967 2497 2046 2549 jam
2061 2502 2122 2539 hoc
