2179 2823
791 535 1758 653 AVCTORI

698 681 973 744 HVIVS
1033 678 1801 742 DISSERTATIONIS

1049 771 1433 812 DOCTISSIMO,

823 828 1065 872 AMICO
1125 805 1776 875 CANDIDISSIMO

1145 951 1175 985 S.
1232 951 1263 980 P.
1323 950 1360 980 D.

644 1019 1041 1090 WILHELMVS
1075 1018 1497 1088 HERMANNVS
1531 1020 1860 1089 BEAUVAIS,

1038 1091 1277 1138 HALLENS.
1300 1103 1477 1138 OPPON.

614 1236 712 1372 E

712 1239 758 1275 n!
784 1237 920 1273 litteras
945 1235 1025 1271 licet
1040 1232 1196 1272 brevibus
1220 1230 1412 1283 conceptas,
1439 1235 1598 1282 optimam
1622 1240 1733 1269 tamen
1747 1229 1897 1283 teſſeram

740 1290 850 1324 Amici
876 1290 933 1323 TE
948 1280 1199 1337 perdiligentis.
1243 1278 1327 1323 Non
1345 1296 1398 1319 eas
1412 1286 1528 1334 paucis
1551 1287 1717 1334 concipio,
1742 1284 1779 1317 ob
1794 1278 1896 1327 penu-

740 1346 828 1379 riam
856 1337 887 1384 de
919 1341 982 1379 TE
1008 1344 1292 1383 prædicandarum
1313 1347 1512 1383 virtutum,
1533 1351 1602 1374 non
1623 1344 1661 1374 ob
1683 1338 1776 1378 dotes
1805 1328 1898 1381 TVI

598 1389 745 1433 ingenii
765 1386 1063 1428 excellentiſſimas,
1091 1399 1161 1422 non
1184 1385 1222 1423 ob
1242 1385 1453 1434 eruditionis
1482 1388 1599 1427 TVÆ
1623 1380 1814 1431 theſaurum
1840 1394 1897 1419 ac-

595 1434 798 1480 quiſitum,
825 1448 891 1469 non
914 1441 995 1469 ſatis
1007 1431 1228 1477 vulgatum,
1252 1428 1320 1481 non
1351 1432 1387 1473 ob
1393 1428 1563 1481 amicitiæ
1580 1429 1719 1481 TVÆ
1734 1433 1893 1477 valorem,

593 1475 670 1512 me
693 1486 759 1510 non
776 1476 866 1520 ſatis
883 1471 1149 1510 commoventem.
1208 1467 1322 1510 Plane
1329 1467 1416 1513 non
1426 1468 1609 1508 amicorum
1639 1474 1789 1511 meorum
1812 1475 1897 1517 opti-

594 1528 691 1566 me!
721 1526 830 1562 Tanta
845 1528 881 1562 in
911 1525 1066 1564 TVAM
1091 1521 1221 1561 laudem
1245 1513 1417 1571 effundere
1428 1510 1545 1564 habeo,
1573 1533 1661 1571 quæ,
1686 1525 1825 1568 litteræ,
1852 1530 1897 1565 &

595 1587 643 1639 ſi
664 1582 760 1638 eſſent
785 1580 1004 1638 copioſiſſimæ,
1031 1585 1092 1623 vix
1107 1582 1416 1638 complecterentur.
1468 1580 1564 1629 Quot
1589 1590 1784 1631 quantaque
1800 1588 1895 1631 ſunt,

593 1653 690 1686 quæ
728 1637 912 1681 TVAM,
937 1631 1031 1673 haud
1051 1631 1245 1685 vulgarem,
1282 1628 1436 1685 indefeſſa
1466 1621 1645 1681 diligentia
1671 1629 1898 1671 comparatam

587 1691 841 1730 eruditionem
864 1683 1128 1738 prodiderunt?
1161 1687 1304 1739 Quoties
1333 1685 1423 1725 illius
1437 1674 1621 1742 ſpecimina
1642 1674 1840 1738 doctiſſima,
1864 1681 1899 1741 in

614 1748 738 1801 ſcholis
761 1748 878 1798 noſtris
916 1763 922 1787 a
946 1751 1013 1788 TE
1037 1748 1147 1790 edita,
1172 1735 1435 1793 admirabundus
1457 1745 1555 1797 hauſi.
1611 1745 1672 1786 Vbi
1698 1748 1756 1795 TE
1771 1737 1897 1799 depre-

604 1798 752 1848 hendi,
769 1790 830 1844 niſi
842 1798 1016 1834 integrum
1033 1786 1117 1832 vitæ
1124 1788 1327 1849 ſcelerisque
1352 1791 1509 1845 purum?
1537 1793 1652 1848 Quale
1672 1792 1838 1842 gaudium
1854 1790 1898 1831 ex

596 1841 733 1892 TVA
764 1843 1011 1884 converſatione
1032 1841 1276 1896 perſenſerim,
1317 1844 1429 1882 verbis
1455 1843 1647 1895 exprimere
1669 1853 1745 1885 vix
1756 1842 1899 1893 poſſum!

593 1893 718 1938 Haec
738 1889 865 1937 omnia,
879 1883 1055 1933 TVAM
1084 1885 1147 1929 non
1174 1892 1359 1941 offenſurus
1380 1896 1585 1940 modeſtiam,
1603 1897 1703 1939 ſilens
1718 1895 1895 1939 prætereo.

594 1947 830 2002 Exiſtimabis
837 1948 937 1999 forte
960 1959 1012 1983 me
1029 1949 1249 1998 copioſiorem,
1275 1950 1311 1984 in
1334 1946 1552 2001 ſpargendis
1557 1950 1676 1985 TIBI
1690 1943 1898 1983 acclamatio-

598 2003 738 2043 nibus,
762 1994 884 2049 quibus
904 1997 976 2036 dies
988 1994 1166 2036 hodiernus
1180 1997 1338 2036 abundat.
1388 1994 1490 2051 Eſſem
1506 1995 1669 2044 copioſus,
1683 1992 1806 2030 multa
1808 1996 1898 2047 ſcri-

600 2055 733 2093 berem
759 2055 855 2094 Iæta,
891 2051 1009 2089 multis
1028 2048 1275 2097 gratulationes
1297 2048 1505 2088 declararem
1526 2047 1663 2093 verbis,
1696 2048 1757 2099 niſi
1778 2049 1898 2086 lætitiæ

601 2102 768 2159 mœſtitia
776 2105 814 2159 ſe
830 2112 982 2146 comitem
997 2102 1205 2156 adiungeret.
1233 2110 1324 2145 Dum
1345 2107 1402 2145 TE
1412 2104 1604 2144 cathedram
1622 2101 1897 2154 conſcendentem,

578 2154 768 2198 victoriæ
785 2154 994 2205 reportandæ
1017 2151 1163 2198 certum,
1189 2152 1282 2198 lætus
1298 2146 1444 2203 aſpicio,
1456 2153 1557 2200 ſimul
1574 2154 1703 2201 ſortem
1720 2166 1824 2189 meam
1841 2160 1898 2189 do-

623 2211 693 2252 leo,
725 2208 790 2243 TE
808 2211 923 2257 paucis
940 2203 1056 2243 abhinc
1078 2201 1208 2248 dicbus,
1230 2208 1310 2240 meis
1325 2203 1530 2253 amplexibus
1545 2205 1697 2252 ereptum
1714 2211 1770 2251 iri.
1832 2209 1901 2239 Sed

624 2275 666 2297 ne
689 2263 827 2296 nimium
852 2260 903 2296 his
921 2259 1124 2297 inhæream,
1157 2268 1226 2305 quæ
1252 2267 1393 2293 mentem
1419 2256 1576 2299 turbant,
1604 2259 1643 2291 id
1669 2272 1785 2305 agam,
1808 2255 1902 2291 quod

625 2313 779 2347 amicitiæ
798 2315 888 2347 ratio
903 2309 948 2350 &
973 2315 1025 2345 ius
1034 2306 1185 2360 poſtulat.
1238 2310 1403 2346 Gratulor
1431 2312 1551 2346 TIBI
1576 2310 1720 2356 ſtadium
1737 2301 1897 2344 academi-

626 2376 701 2402 cum
708 2361 831 2415 fauſtis
846 2361 962 2403 avibus
985 2357 1156 2412 emenſum.
1209 2362 1376 2401 Gratulor
1400 2359 1572 2401 honorem,
1600 2365 1662 2409 qui
1683 2373 1725 2396 ex
1749 2358 1897 2404 diſerta-
