2618 2862
1026 588 1086 621 184

1329 569 1910 612 EXERCITATIO
1954 565 2082 616 IX.

1028 645 1125 687 Conf.
1141 657 1212 692 quæ
1230 645 1449 684 Taubmannus
1467 647 1508 682 ad
1522 646 1555 683 h.
1565 647 1586 683 l.
1594 657 1845 694 commentatur.
1872 661 1934 686 nec
1946 662 2016 698 non
2026 654 2314 694 KIRCHMANN.

1027 700 1067 725 de
1070 696 1149 735 fun.
1164 697 1247 727 Rom.
1257 694 1325 726 Lib.
1337 698 1393 727 IV.
1397 700 1432 736 p.
1442 701 1559 737 m.378.
1574 700 1596 726 &
1615 691 1705 741 quos
1718 694 1807 739 citat
1827 694 1979 745 auctores.
2028 687 2192 735 Addimus
2207 706 2321 733 tamen

1028 747 1138 780 adhuc
1152 746 1394 793 inſcriptionem
1406 749 1560 792 inſignem
1575 759 1592 780 a
1603 746 1718 792 nullo,
1753 746 1912 793 quantum
1926 751 2014 794 ſcio,
2035 742 2143 787 adhuc
2166 742 2316 788 obſerva-

1029 810 1114 843 tam,
1132 803 1172 841 ſc.
1185 806 1276 854 apud
1292 808 1492 847 GRUTER.
1507 808 1544 844 in
1556 796 1649 855 Theſ.
1655 816 1732 858 pag.
1748 797 1921 854 DCCLIII.
1930 799 1971 855 n.
1986 812 2042 848 IV.
2061 820 2134 859 quæ
2153 808 2220 851 huc
2238 819 2314 856 per-

1028 856 1126 894 tinet:

1410 922 1642 957 ALBINIÆ.
1665 926 1821 960 VETTI.
1836 925 1913 955 FIL.

1361 966 1656 1011 VALERIANÆ.
1674 954 1868 1014 PUDICISS.
1874 956 2016 1005 FEM.

1546 1020 1666 1059 &c.
1705 1027 1804 1051 &c.

1131 1032 1513 1089 LECTISTERNIUM.
1525 1028 1765 1093 TEMPORE.
1774 1025 2121 1097 PARENTALIOR.
2146 1032 2253 1097 &c.

1156 1118 1394 1155 PONATUR.
1411 1119 1472 1154 ET
1486 1105 1810 1163 PARENTETUR.
1831 1108 1959 1164 ITEM.
1979 1109 2220 1162 CORONÆ

1195 1174 1340 1216 MYRT.
1358 1174 1542 1211 TERNÆ.
1563 1175 1625 1211 ET
1643 1162 1873 1216 TEMPORE.
1909 1176 2035 1213 ROSÆ.
2053 1170 2199 1230 IUL.

1408 1225 1581 1260 TERNÆ
1601 1225 1665 1258 EIS
1675 1211 1975 1263 PONANTUR.

1124 1257 1263 1283 Eccleſia
1288 1262 1391 1293 preſſa
1414 1271 1513 1293 atque
1545 1263 1706 1289 humiliata
1728 1271 1867 1309 coronat
1884 1256 1984 1299 quaſi
2002 1265 2034 1290 &
2048 1262 2191 1309 exornat
2199 1241 2317 1301 ſepul-

1026 1314 1133 1355 chrum
1153 1321 1255 1349 atque
1267 1321 1398 1339 mortem
1414 1315 1519 1348 Ducis
1536 1308 1648 1356 ſalutis
1665 1315 1729 1357 ſuæ;
1739 1315 1783 1352 In
1783 1308 1840 1353 illa
1852 1319 1945 1350 enim
1956 1308 2115 1353 memoria
2132 1307 2237 1359 mortis
2245 1303 2317 1356 Sal-

1025 1365 1147 1387 vatoris
1164 1373 1328 1398 perpetuo
1344 1365 1429 1389 viret
1448 1368 1464 1388 &
1478 1369 1689 1409 renovatur.
1714 1369 1784 1394 Cum
1801 1366 1950 1407 apoſtolo
1960 1361 2107 1408 ſtigmata
2115 1354 2229 1402 mortis
2236 1350 2316 1395 Do-

1025 1415 1107 1453 mini
1121 1416 1169 1455 ſui
1184 1417 1219 1456 in
1232 1412 1376 1459 corpore
1393 1411 1548 1444 gerentes
1555 1410 1628 1435 Gal.
1642 1412 1706 1440 VI,
1715 1414 1756 1442 17.
1772 1415 1865 1444 quaſi
1879 1405 2031 1447 reliquias
2052 1397 2264 1444 afflictionum
2284 1396 2318 1450 &

1027 1465 1142 1506 mortis
1165 1465 1286 1493 Chriſti
1302 1465 1441 1490 explent
1458 1466 1486 1480 in
1504 1468 1592 1495 carne
1609 1461 1665 1495 ſua
1686 1458 1788 1491 electi
1796 1457 1873 1492 Col.
1884 1456 1905 1490 I,
1910 1460 1967 1492 24.
1990 1455 2033 1487 in
2042 1444 2314 1490 communionem

1026 1512 1141 1531 mortis
1169 1513 1185 1540 &
1199 1509 1386 1542 paſſionum
1397 1505 1468 1543 ejus
1483 1503 1624 1544 adducti
1651 1501 1729 1550 Rom.
1747 1499 1830 1551 VIII,
1838 1515 1877 1545 17.
1901 1515 1909 1538 2
1915 1496 2012 1540 Tim.
2020 1492 2060 1548 II,
2071 1491 2113 1543 12.
2126 1493 2249 1551 fructus
2261 1503 2315 1555 ef-

1028 1549 1151 1586 ficaces
1163 1556 1279 1586 mortis
1295 1549 1466 1589 Salvatoris
1477 1550 1537 1587 ſui
1556 1555 1591 1590 in
1611 1545 1795 1591 ſanctiſſima
1809 1555 1875 1591 vita
1898 1543 1915 1592 &
1931 1542 2061 1607 juſtitiæ
2080 1545 2234 1607 exercitio
2251 1549 2315 1600 de-

1025 1608 1205 1636 monſtrant
1219 1607 1316 1638 Rom.
1323 1606 1382 1645 IV,
1391 1613 1433 1650 25.
1447 1604 1534 1650 Eph.
1549 1604 1604 1647 III,
1610 1613 1657 1651 19.
1672 1603 1789 1651 Phil.
1769 1603 1798 1657 I,
1799 1614 1836 1643 11.
1862 1605 1936 1642 Imo
1947 1603 2118 1650 credentes
2130 1599 2208 1644 ſunt
2218 1596 2323 1646 inſtar

1023 1672 1198 1703 myrtorum
1211 1675 1251 1693 ex
1263 1662 1347 1707 buſto
1360 1657 1530 1697 Salvatoris
1538 1653 1849 1713 propullulantium,
1857 1664 1890 1700 &
1897 1660 1931 1698 in
1938 1659 2007 1712 ejus
2016 1661 2145 1711 tumulo
2158 1661 2312 1713 plantata-

1022 1729 1121 1768 rum,
1132 1719 1208 1758 quia
1223 1719 1257 1748 vi
1271 1715 1386 1750 mortis
1400 1719 1471 1759 ejus
1485 1716 1523 1751 ad
1544 1712 1659 1768 novam
1674 1708 1776 1755 vitam
1791 1709 1957 1755 transeunt
1972 1708 2069 1757 Rom.
2080 1718 2141 1763 VI,
2149 1732 2185 1764 4.
2199 1721 2229 1754 &
2241 1717 2313 1756 fru-

1023 1781 1081 1817 ges
1101 1775 1175 1806 vitæ
1189 1773 1381 1818 proferunt,
1394 1774 1435 1814 ita
1446 1781 1489 1808 ut
1498 1772 1566 1821 ipſi
1576 1773 1651 1822 poſt
1663 1783 1811 1824 mortem
1821 1774 2025 1825 effloreſcant
2037 1780 2069 1813 &
2079 1777 2205 1814 vireant
2224 1787 2312 1814 æter-

1023 1834 1103 1859 num
1117 1825 1212 1859 inſtar
1225 1825 1339 1871 palmæ
1354 1828 1377 1860 &
1384 1818 1495 1874 cedri
1515 1829 1551 1878 in
1554 1817 1663 1874 domo
1669 1819 1812 1884 Jehovæ
1821 1815 2033 1875 Pſ.XCII.
2001 1822 2030 1873 13.
2040 1839 2086 1870 14.
2094 1819 2134 1869 15.

1100 1879 1218 1916 XVIII.
1228 1891 1256 1913 c.
1266 1871 1433 1925 Pergimus
1439 1873 1485 1915 ad
1496 1872 1573 1917 uſus
1585 1873 1688 1925 myrti
1698 1869 1850 1932 medicos,
1862 1871 1953 1929 quos
1960 1873 2078 1930 varios,
2086 1877 2148 1921 eſſe
2162 1886 2311 1924 THEO-

1022 1936 1277 1978 PHRASTUS,
1292 1935 1625 1983 DIOSCORIDES,
1628 1935 1811 1983 PLINIUS
1826 1924 1960 1984 aliique
1976 1926 2078 1986 paſſim
2100 1925 2231 1982 abunde
2254 1925 2314 1987 do-

1024 1987 1182 2014 cuerunt,
1195 1978 1272 2008 vide
1284 1979 1381 2010 etiam
1393 1974 1534 2014 LEMN
1540 1976 1580 2013 de
1589 1981 1679 2013 herb.
1685 1974 1778 2015 Bibl.
1791 1975 1824 2022 p.
1844 1975 1866 2016 m
1878 1983 1964 2024 78.&
1979 1971 2221 2021 RHODIGIN.
2230 1971 2315 2019 Lect.

1023 2030 1125 2069 antiq.
1138 2038 1173 2066 p.
1199 2039 1215 2058 m.
1238 2034 1313 2068 549.
1331 2027 1444 2075 Quare
1456 2028 1547 2076 apud
1559 2023 1686 2066 veteres
1701 2025 1815 2069 contra
1828 2026 2022 2074 ebrietatem
2036 2032 2069 2083 in
2075 2031 2247 2083 conviviis
2256 2032 2311 2068 ad-

1024 2076 1211 2136 hibebatur,
1227 2080 1301 2135 teſte
1310 2076 1519 2133 ATHENÆ
1532 2074 1687 2139 Deipnoſ.
1698 2082 1760 2140 Lib.
1766 2078 1842 2132 XV.
1848 2093 1938 2130 p.m.
1949 2087 2019 2130 676.
2029 2087 2091 2132 ϰαϳ
2110 2085 2128 2122 ὁ
2137 2080 2311 2133 Φιλωνίδης

1025 2129 1073 2180 δέ
1073 2131 1211 2181 ἔίϱηϰεν,
1232 2133 1275 2181 ὡς
1289 2135 1307 2178 ὁ
1397 2127 1547 2191 μυϱϱίνης
1561 2126 1707 2182 ϛέφανος
1718 2129 1787 2179 τήν
1794 2130 1831 2187 ἐϰ
1851 2129 1908 2180 τῶν
1922 2129 2009 2177 ὄινων
2025 2135 2256 2187 ἀναϑυμίασιν
2267 2135 2310 2172 ἀ-

1026 2187 1231 2224 ποϰϱȣεται,
1249 2185 1321 2230 ϰαϳ
1321 2186 1342 2231 ὁ
1355 2187 1418 2229 τῶν
1428 2182 1528 2230 ϱόδων
1540 2184 1622 2229 ἔχϵι
1643 2188 1671 2226 τὶ
1681 2187 1934 2239 ϰεφαλαλγίας
1930 2182 2172 2240 παϱηγοϱιϰὸν
2183 2173 2315 2234 πϱὸςτῶ

1027 2229 1088 2268 ϰαϳ
1100 2229 1284 2289 ἐμψύχϵιν.
1306 2230 1429 2265 Verum
1437 2236 1476 2265 id
1481 2241 1501 2264 a
1511 2232 1673 2265 Philonide
1681 2233 1849 2275 proditum
1860 2236 1923 2281 eſt,
1936 2261 1954 2280 e
1963 2248 2064 2277 myrto
2078 2230 2208 2284 coronam
2228 2223 2312 2274 meri

1026 2293 1162 2329 vapores
1171 2287 1354 2328 prohibere,
1374 2297 1392 2325 e
1407 2289 1482 2331 roſis
1504 2297 1610 2332 autem
1632 2291 1834 2338 refrigerare
1842 2303 1872 2332 &
1896 2292 2086 2326 gravitatem
2104 2271 2216 2326 capitis
2235 2269 2311 2313 leni-

1025 2346 1071 2371 re.
1095 2335 1208 2372 PLIN.
1223 2335 1293 2374 Lib.
1313 2328 1436 2376 XXIll.
1457 2344 1522 2380 cap.
1542 2338 1597 2380 IX.
1606 2327 1720 2380 ſcribit
1739 2341 1784 2380 de
1810 2330 1930 2380 myrto:
1948 2330 2055 2380 ſemen
2078 2333 2146 2380 ejus
2165 2339 2310 2374 medetur

2169 2381 2307 2431 ſangui-
