1629 2358
566 388 683 430 uersis
702 391 854 443 Imperii
871 394 1041 437 fidelibus
1066 397 1161 437 hanc
1176 389 1344 448 paginam
1355 399 1484 454 inſpe-

567 441 678 485 ƈturis
701 444 849 493 gratiam
870 446 964 487 ſuam
991 461 1029 489 et
1046 463 1160 493 omne
1178 453 1331 493 bonum.
1378 460 1481 493 Con-

564 494 714 534 ſtitutus
750 498 787 534 in
819 495 994 547 preſentia
1028 510 1152 541 nostra
1187 504 1339 549 dileƈtus
1369 508 1481 544 nobis

565 544 713 591 Imperîi
740 549 906 594 Princeps
922 550 1111 592 Dominus
1133 555 1309 593 Conradus
1337 553 1484 593 Hilden-

563 595 730 631 semensis
747 597 931 646 Episcopus
958 599 1175 642 ſententiam
1191 602 1388 641 imperialis
1416 611 1481 641 cu-

563 645 618 685 rie
645 648 770 688 noſtre
795 648 865 687 sibi
888 651 1087 699 poſtulauit
1103 655 1198 702 edici
1224 656 1333 696 ſuper
1349 661 1425 695 eo:
1444 653 1487 700 Si

563 694 732 741 officiatas
753 695 884 745 aliquis
903 698 1083 750 Principis
1101 695 1310 744 cuiuscunq
1328 703 1487 753 Dapifer

562 733 747 781 videlicet.
775 742 990 783 Marscallus
1003 748 1205 786 Camerariꝰ
1228 757 1284 789 vel
1304 753 1482 798 Pincerna.

560 805 690 842 posset
714 797 876 847 Principi
900 801 1073 844 Domino
1096 801 1164 847 ſuo
1190 810 1338 843 ratione
1363 806 1487 846 officii

561 843 614 885 ſui
638 855 852 896 quenquam
872 859 1015 898 ponere
1029 850 1320 896 ſubminiſtrum.
1339 851 1408 895 vel
1425 855 1479 895 ali-

559 888 652 939 quid
678 892 723 930 de
747 894 856 943 rebus
883 894 962 934 eius
980 888 1153 941 mobilibꝰ
1175 901 1233 943 vel
1248 901 1481 948 immobilibꝰ

556 939 682 1004 preter
698 948 872 996 aſſenſum
888 951 1056 1000 eiusdem
1066 949 1244 1009 Principis
1260 963 1306 991 et
1321 954 1398 996 eius
1416 955 1479 996 be-

558 994 784 1048 neplacitum
808 1000 1008 1041 voluntatis
1032 997 1229 1050 ordinare.
1266 1016 1377 1055 super
1396 1016 1482 1059 quo

556 1041 780 1089 sententiam
799 1047 897 1091 hanc
915 1045 1113 1110 Imperialis
1133 1048 1229 1103 curia
1248 1065 1370 1097 nostra
1395 1070 1476 1105 pro-

554 1096 745 1147 mulgauit.
801 1093 913 1152 quod
944 1104 1015 1143 nisi
1049 1103 1096 1152 de
1125 1102 1267 1150 aſſensu
1298 1108 1473 1151 Principis

553 1146 669 1190 fuerit
690 1159 728 1186 et
745 1148 824 1190 eius
840 1141 953 1192 libera
974 1146 1180 1201 voluntate.
1206 1166 1328 1199 nullus
1343 1162 1478 1200 talium

556 1197 804 1245 officiatorum
823 1198 1080 1255 ſubofficiatum
1117 1202 1335 1258 quenquam
1362 1217 1472 1257 talem

553 1244 723 1291 Domino
749 1250 819 1291 ſuo
844 1251 927 1302 dare
947 1246 1081 1304 poteſt.
1101 1250 1181 1297 nec
1197 1257 1330 1299 aliquid
1353 1261 1398 1302 de
1413 1269 1480 1303 re-

553 1301 622 1345 bus
649 1293 826 1355 Principis
853 1304 1074 1359 disponere.
1099 1318 1225 1360 preter
1252 1310 1329 1344 eius
1353 1308 1474 1353 bene-

549 1353 729 1407 placitum
758 1358 987 1406 voluntatis.
1020 1361 1110 1419 Data
1127 1375 1183 1409 est
1202 1363 1276 1405 hec
1296 1365 1472 1409 ſententia

550 1402 796 1451 assidentibus
822 1398 903 1456 ipsi
903 1402 1093 1460 ſententie
1113 1412 1173 1468 his
1186 1414 1334 1452 Imperii
1344 1417 1475 1456 noſtri

547 1456 780 1509 principibus
798 1464 906 1504 Dñō
930 1466 974 1503 A.
1003 1456 1306 1520 Magdeburgensi
1323 1467 1472 1500 Archie-

544 1502 691 1555 piſcopo.
726 1521 750 1535 -
786 1532 801 1540 -
838 1514 929 1553 Dñō
953 1510 1219 1558 Wormaciense
1237 1528 1256 1542 -
1287 1531 1316 1544 -
1340 1516 1472 1559 Verdo-

547 1561 652 1589 nense
678 1576 694 1586 -
720 1574 737 1584 -
767 1554 971 1595 Tridentino
979 1585 992 1599 .
1019 1585 1031 1598 .
1065 1588 1070 1598 .
1099 1561 1382 1613 Nuemburgense
1404 1584 1425 1595 -
1443 1586 1472 1595 -

549 1605 735 1644 Brixiense
761 1630 777 1636 -
805 1631 820 1639 -
852 1607 1031 1650 Ymolense
1058 1634 1074 1642 -
1099 1632 1116 1641 -
1131 1611 1481 1656 Brandenburgense

545 1655 630 1704 Ep̄ō
653 1669 692 1696 et
711 1658 802 1698 Dñō
828 1660 976 1701 Abbate
1007 1652 1248 1703 Morbacense.
1270 1667 1469 1707 aſtantibus

544 1715 667 1748 autem
683 1708 803 1750 Laicis
821 1709 988 1757 eiusdem
1009 1713 1156 1766 Imperii
1170 1726 1284 1756 nostri
1293 1716 1466 1756 nobilibus

543 1768 583 1794 et
602 1756 724 1798 eidem
748 1759 927 1801 ſententie
937 1761 1228 1802 acclamantibus.
1246 1765 1474 1806 Marchione

544 1806 594 1846 de
617 1806 785 1851 Vohurch.
804 1811 954 1852 Henrico
969 1815 1013 1852 de
1034 1811 1277 1859 Waldenberch
1297 1819 1459 1866 pincerna

544 1855 733 1897 memorati
761 1857 915 1910 Epiſcopi
938 1859 1245 1907 Hildensemensis.
1312 1872 1468 1910 Henrico

542 1908 585 1946 de
604 1908 780 1958 Everſtein
796 1901 997 1958 Comitibꝰ.
1028 1912 1324 1964 Miniſterialibus
1344 1922 1463 1960 autem

543 1961 690 2013 Imperii
711 1961 902 2009 Guncelino
931 1969 975 2007 de
1001 1966 1247 2026 Wulferbutle,
1296 1972 1460 2007 Wernero

540 2006 584 2051 de
604 2009 770 2058 Bonland
787 2025 827 2053 et
850 2024 963 2067 quam
991 2015 1173 2069 plurimis
1186 2018 1265 2061 aliis
1299 2017 1465 2061 nobilibns
