2189 2527
382 377 608 424 premente,
639 373 901 416 validiſſimum
917 375 1018 415 hunc
1041 377 1220 416 excitavit
1237 378 1428 419 dolorem.
1457 379 1600 420 Corri-

381 422 552 473 piebatur
570 423 734 475 denique
750 424 851 464 fatali
867 426 1028 477 ſopore,
1053 425 1096 463 in
1113 427 1352 476 apoplexiam
1372 429 1444 467 ſeſe
1462 430 1599 468 termi-

381 478 521 518 nante,
555 473 619 523 qui
643 473 785 524 ſemper
814 468 954 518 auctam
971 476 1124 514 cerebri
1150 472 1461 527 compreſſionem
1492 479 1590 517 indi-

383 531 443 566 cat
465 529 520 573 z).
562 526 724 567 Simulac
742 528 849 567 enim
863 529 932 568 illæ
950 526 1091 572 cauſæ,
1117 539 1197 580 quæ
1217 530 1406 587 prægreſſa
1424 531 1598 583 ſympto-

383 583 480 616 mata
501 579 692 623 fecerant,
716 579 983 628 augebantur,
1004 580 1192 620 oriebatur
1212 581 1481 625 ſomnolentia,
1511 588 1591 620 tan-

382 629 543 680 demque
574 630 878 681 profundiſſimus
909 632 1062 673 ſomnus
1100 635 1139 673 &
1164 635 1333 678 lethalis,
1379 633 1598 685 apoplexia.

383 682 494 724 Unde
519 684 615 723 inter
633 684 693 723 illa
711 682 839 733 ſigna,
869 695 949 733 quæ
973 684 1135 727 docent,
1165 685 1353 735 quendam
1372 687 1492 736 capite
1511 686 1590 736 peſ-

381 732 470 773 ſime
497 732 625 778 affici,
655 736 817 775 recenſet
837 736 1120 779 HIPPOCRATES
1149 741 1189 783 a)
1215 738 1329 777 altum
1351 737 1526 788 ſoporem
1555 740 1592 778 &

380 785 657 830 tenebricoſam
669 788 907 836 vertiginem.
929 788 1071 838 Magna
1087 792 1226 829 etenim
1237 792 1295 829 illa
1312 801 1492 840 aquarum
1511 800 1599 829 mo-

377 835 434 887 Ies
453 844 551 875 tanta
573 836 724 877 tandem
747 840 853 887 cepit
869 841 1118 880 incrementa,
1147 847 1207 882 ut,
1233 842 1387 882 cerebro
1411 844 1452 879 in
1471 842 1601 880 omni-

381 880 456 927 bus
468 888 539 926 ſuis
557 887 770 927 ſtaminibus
785 888 1017 939 vaſculisque
1029 889 1242 930 validiſſime
1259 891 1484 940 compreſſo,
1511 904 1593 930 non

378 939 499 980 ſolum
526 938 684 980 fluidum
710 940 805 981 illud
831 940 1065 986 nervoſum,
1089 942 1153 983 ſed
1176 945 1216 983 &
1239 945 1350 984 ceteri
1369 955 1503 982 omnes
1522 946 1600 984 hu-

378 1002 505 1032 mores
525 993 563 1031 in
585 991 651 1032 ſuo
679 991 821 1048 circulo
845 994 1189 1045 interciperentur,
1216 997 1256 1035 &
1277 996 1329 1034 ita
1345 1003 1492 1046 ægroto
1513 1003 1599 1036 tan-

380 1044 467 1087 dem
486 1045 585 1087 fatali
604 1045 813 1089 neceſſitate
831 1048 1073 1102 pereundum
1087 1048 1215 1090 fuerit.

905 1150 939 1187 §.
979 1140 1064 1186 VII.

480 1222 690 1275 Prognoſis
701 1236 810 1265 nunc
821 1224 937 1277 hujus
948 1227 1040 1266 mali
1056 1225 1265 1267 ſecundum
1281 1227 1456 1269 recenſita
1468 1227 1600 1281 ſymp-

375 1281 522 1314 tomata
542 1275 753 1315 admodum
771 1278 958 1323 infauſta,
989 1280 1029 1318 &
1050 1280 1169 1319 triſtis
1190 1280 1355 1320 omnino
1380 1281 1418 1317 in
1443 1287 1598 1328 ægroto

375 1331 536 1372 affectus.
585 1332 688 1372 Illud
706 1331 864 1382 quidem
881 1332 987 1373 facile
1008 1333 1174 1383 Iargior,
1197 1333 1331 1384 quod,
1346 1329 1383 1378 ſi
1391 1336 1492 1376 illud
1508 1335 1593 1377 flui-

377 1377 479 1424 dum
495 1378 600 1418 Iente
624 1378 921 1422 tantummodo,
944 1391 1022 1418 nec
1037 1375 1181 1429 magna
1212 1382 1324 1430 copia
1355 1384 1596 1426 excernitur,

374 1428 550 1482 nullaque
570 1429 778 1470 acrimonia
797 1431 995 1483 præditum
1008 1433 1087 1478 eſt,
1108 1443 1385 1484 nonnunquam
1399 1447 1481 1473 non
1496 1434 1591 1476 adeo

376 1490 519 1530 magna
540 1479 792 1521 incommoda
809 1482 913 1534 ſequi
929 1481 1095 1530 ſoleant;
1123 1481 1151 1522 ſi
1170 1490 1295 1523 autem
1320 1494 1415 1535 aqua
1433 1485 1476 1522 in
1496 1484 1590 1525 adeo

377 1542 514 1583 magna
525 1534 641 1584 copia
648 1533 929 1580 accumuletur,
941 1543 985 1576 ut
996 1537 1045 1577 ad
1060 1538 1215 1578 tertium
1226 1547 1379 1589 quoque
1399 1545 1591 1588 quartum-

377 1595 451 1638 que
468 1585 744 1632 ventriculum,
767 1588 851 1628 imo
865 1586 911 1627 ad
931 1587 1086 1639 ſpecum
1102 1600 1221 1640 usque
1239 1591 1497 1632 vertebrarum
1514 1593 1592 1631 deſ-

372 1635 543 1682 cendat,
565 1637 630 1677 vel
645 1639 691 1677 in
709 1638 754 1676 iis
774 1637 950 1680 morboſe
966 1638 1199 1691 colligatur,
1226 1635 1320 1679 tunc
1342 1644 1397 1680 ob
1416 1643 1587 1681 medullæ

372 1687 595 1736 oblongatæ
621 1690 799 1737 inprimis
830 1689 1186 1739 compreſſionem,
1222 1691 1393 1737 graviora
1424 1689 1591 1728 omnino

370 1734 624 1783 ſymptomata
635 1741 856 1776 ſequuntur.
879 1741 1013 1778 Adulti
1028 1739 1183 1788 quidem
1202 1741 1341 1778 diutius
1360 1739 1583 1788 plerumque

369 1781 464 1836 huic
489 1789 608 1838 morbo
630 1785 822 1830 reſiſtunt,
833 1791 1080 1826 tandemvero
1092 1789 1212 1827 ſubito
1231 1786 1402 1837 Iethargo
1416 1785 1479 1826 vel
1493 1799 1587 1838 apo-

369 1834 494 1886 plexia
524 1834 701 1887 pereunt.
744 1842 849 1878 Cura
872 1842 1013 1878 etenim
1028 1839 1155 1884 hujus
1183 1840 1315 1879 morbi
1339 1841 1583 1887 difficillima,

370 1893 454 1932 imo
486 1890 527 1929 &
553 1890 671 1942 plane
692 1894 933 1944 impoſſibilis
962 1896 1029 1935 eſt.
1053 1895 1355 1938 HIPPOCRATES
1372 1894 1529 1947 quidem
1545 1898 1589 1948 b)

409 2007 445 2046 z)
469 2007 708 2042 SWIETENIUS
723 2011 758 2044 T
784 2009 808 2040 I.
831 2016 852 2047 p.
852 2014 946 2046 433.

410 2049 444 2082 a)
468 2043 513 2076 De
535 2042 721 2076 Vulneribus
737 2042 893 2093 Capitis,
917 2044 1047 2077 Charter
1063 2046 1102 2079 T.
1112 2044 1183 2081 XII.
1199 2054 1229 2086 p.
1251 2054 1327 2080 121.

410 2095 447 2136 b)
471 2092 543 2128 loco
560 2093 662 2126 citato.
