2773 3175
1010 1386 1052 1416 De
1061 1380 1219 1416 Eccleſiaſti-

1010 1427 1053 1463 cis
1062 1418 1086 1463 in
1096 1426 1198 1472 ſpecie.

991 2490 1150 2536 Privilegio
1169 2492 1208 2525 de

986 2530 1058 2568 non-
1061 2533 1206 2569 appellan-

977 2569 1028 2613 do
1028 2569 1205 2615 gaudent

986 2613 1072 2644 etiam
1091 2617 1193 2649 Archi-

984 2664 1203 2701 DucesAuſtriæ.

1244 733 1429 780 dinando
1453 738 1517 785 III.
1541 737 1764 784 illimatum
1789 737 2059 799 privilegium
2069 736 2193 798 juxta
2213 753 2406 789 tenorem
2428 744 2516 789 Au-

1243 805 1324 837 reæ
1333 792 1458 838 Bullæ
1467 796 1619 839 iterum
1628 795 1825 850 obtinuit,
1833 800 1914 843 Dn.
1926 798 2175 849 Thulemar.
2184 802 2229 843 de
2241 803 2515 849 Octovirat.c.18.

1240 853 1273 904 §.
1283 867 1333 906 17.
1396 857 1539 900 Utitur
1548 854 1698 901 eodem
1710 857 1936 915 privilegio
1936 859 2054 914 nunc
2062 861 2232 908 Elector
2240 864 2516 911 Hannovera-

1242 918 1324 949 nus
1348 907 1390 949 in
1410 909 1535 953 terris
1549 910 1599 953 ad
1616 899 1903 958 Electoratum
1922 912 1964 956 vi
1980 912 2202 973 pactorum
2216 918 2324 961 inter
2333 920 2517 979 Impera-

1240 981 1380 1015 torem
1398 970 1664 1027 Leopoldum
1676 972 1978 1030 glorioſiſſimæ
1988 981 2206 1023 memoriæ
2215 981 2257 1023 &
2266 981 2431 1027 Ducem
2442 983 2517 1028 Er-

1240 1028 1406 1073 neſtum
1428 1027 1668 1086 Auguſtum
1683 1030 1721 1077 d.
1736 1047 1789 1081 22.
1806 1035 1928 1079 Mart.
1942 1035 1995 1078 A.
2004 1037 2101 1089 1692.
2112 1036 2317 1082 initorum
2335 1038 2516 1096 ſpectan-

1239 1074 1360 1139 tibus,
1372 1086 1510 1134 ſcilicet
1528 1090 1568 1133 in
1591 1088 1817 1146 Principatu
1841 1084 2165 1155 Calenbergenſi,
2191 1087 2517 1159 Grubenhagenſi

1238 1151 1280 1193 &
1301 1148 1496 1201 Cellenſi,
1515 1150 1734 1197 Comitatu
1743 1143 1886 1210 Hoya
1888 1145 1915 1203 &
1928 1145 2140 1211 Diephold
2150 1167 2248 1200 cum
2259 1159 2455 1205 annexis,
2477 1165 2515 1200 V.

1236 1202 1320 1248 Dn.
1328 1203 1465 1248 Horn.
1474 1204 1518 1246 in
1526 1203 1633 1245 Prud.
1638 1206 1730 1261 Jur.
1739 1205 1876 1256 publ.c.
1886 1217 1941 1259 35.
1949 1207 1980 1253 §.
1995 1218 2032 1257 5.
2055 1207 2170 1253 unde
2180 1202 2295 1252 nunc
2303 1200 2522 1260 Sereniſſi-

1240 1272 1338 1303 mus
1360 1260 1530 1307 Elector
1556 1265 1601 1306 in
1618 1262 1722 1308 urbe
1747 1265 1924 1310 Cellenſi
1941 1264 2184 1322 ſupremum
2203 1267 2433 1319 Tribunal,
2463 1264 2520 1315 ad

1239 1315 1355 1372 quod
1364 1315 1718 1375 appellationes
1672 1310 1710 1373 in
1726 1319 1918 1367 futurum
1929 1319 2157 1380 dirigendæ
2166 1334 2311 1381 erunt,
2325 1322 2513 1380 inſtituit.

1242 1380 1305 1425 De
1320 1375 1582 1426 Electoribus
1599 1389 1742 1430 tamen
1758 1379 2037 1430 eccleſiaſticis
2046 1382 2303 1436 notandum,
2326 1389 2442 1444 quod
2456 1385 2513 1433 illi

1238 1426 1401 1477 dictum
1417 1430 1689 1486 privilegium
1705 1433 1759 1474 de
1772 1443 1859 1475 non
1876 1437 2125 1490 appellando
2134 1447 2210 1495 per
2218 1443 2397 1494 longum
2408 1455 2513 1482 tem-

1237 1508 1317 1553 pus
1328 1511 1417 1543 non
1427 1500 1713 1552 exercuerint,
1739 1503 1805 1548 ſed
1821 1501 1993 1553 ſubditis
2008 1505 2090 1551 ſuis
2105 1517 2159 1549 ex
2176 1505 2370 1564 ſingulari
2380 1505 2510 1566 gratia

1236 1551 1541 1607 appellationes
1562 1553 1620 1600 ad
1641 1545 1807 1602 ſumma
1832 1558 2005 1618 Imperii
2024 1557 2290 1610 Tribunalia
2302 1574 2441 1625 usque
2460 1557 2510 1614 ad

1235 1623 1393 1658 certam
1409 1615 1616 1660 ſummam
1629 1616 1917 1680 permiſerint,
1941 1614 2159 1666 Limnæus
2180 1622 2229 1666 ad
2239 1627 2326 1672 Aur.
2336 1624 2429 1677 Bull.
2435 1629 2460 1686 c.
2468 1631 2511 1671 Il.

1232 1673 1266 1723 §.
1279 1686 1311 1719 2.
1321 1674 1450 1727 obſerv.
1456 1682 1490 1711 I.
1541 1672 1713 1722 Elector
1718 1675 1896 1733 quidem
1902 1678 2189 1728 Moguntinus
2196 1682 2238 1728 &
2247 1679 2509 1732 Colonienſis

1233 1728 1507 1785 privilegium
1525 1730 1626 1775 illud
1642 1734 1794 1778 Aureæ
1808 1734 1935 1780 Bullæ
1944 1750 1967 1779 a
2011 1733 2245 1783 Ferdinando
2255 1741 2318 1785 III.
2326 1740 2511 1799 Impera-

1234 1795 1328 1828 tore
1344 1785 1417 1828 ſibi
1439 1785 1687 1832 confirmari
1701 1780 1998 1846 curaverunt;
2040 1790 2111 1834 ſed
2131 1792 2396 1841 Colonienſis
2412 1789 2510 1841 illud

1235 1840 1327 1892 mox
1351 1844 1489 1888 iterum
1514 1842 1693 1897 remiſit,
1712 1856 1784 1896 eo,
1804 1842 1920 1904 quod
1936 1845 2203 1896 cauſarentur
2218 1851 2400 1906 Ordines
2415 1862 2509 1916 pro-

1234 1897 1453 1955 vinciales,
1477 1899 1637 1949 ſumtus
1652 1903 1705 1948 ad
1719 1903 1934 1961 Judicium
1951 1906 2241 1960 Reviſorium,
2269 1916 2382 1967 quali
2401 1914 2511 1970 opus

1232 1958 1372 2014 foret,
1402 1959 1770 2014 conſtituendum,
1802 1963 1875 2010 ſibi
1893 1965 2021 2010 nimis
2039 1978 2193 2025 graves
2214 1971 2387 2019 futuros
2409 1969 2506 2022 eſſe,

1231 2012 1311 2070 Dn.
1322 2018 1562 2066 Schweder.
1579 2022 1654 2066 d.c.
1663 2035 1708 2063 II.
1715 2025 1750 2073 §.
1774 2019 1831 2076 2.
1832 2023 1967 2086 Hugo
1979 2027 2025 2064 de
2043 2032 2150 2068 Statu
2168 2029 2321 2085 Region.
2344 2037 2511 2073 German.

1232 2075 1342 2129 c.3.§.
1355 2089 1422 2129 40.
1475 2078 1615 2124 Hodie
1632 2093 1736 2136 ergo
1752 2081 1860 2127 ſolus
1874 2081 2042 2129 Elector
2050 2085 2331 2144 Moguntinus
2337 2087 2511 2152 privile-

1229 2133 1304 2191 gio
1314 2133 1365 2179 de
1376 2147 1465 2178 non
1481 2126 1707 2199 appellando
1725 2137 1939 2190 illimitato
1951 2139 2043 2186 actu
2052 2138 2225 2195 fruitur,
2234 2157 2258 2187 a
2266 2139 2505 2195 Colonienſi

1229 2202 1373 2240 autem
1394 2194 1619 2253 appellatio
1642 2196 1910 2252 conceditur,
1942 2199 2113 2258 quando
2135 2202 2299 2250 ſumma
2319 2211 2379 2252 eſt
2394 2203 2505 2253 mille

1227 2253 1497 2303 florenorum
1515 2254 1805 2302 Rhenenſium
1823 2259 1868 2302 in
1884 2270 2015 2311 auro,
2027 2259 2164 2305 Blum.
2180 2269 2278 2305 Proc.
2297 2273 2436 2311 Camer,
2446 2265 2508 2303 tit.

1226 2324 1291 2367 47.
1302 2315 1377 2364 tab.
1388 2317 1482 2359 rubr.
1500 2311 1618 2373 Chur
1636 2309 1802 2371 Coͤlln.
1824 2320 2075 2368 Thulemar.
2091 2320 2129 2376 de
2147 2325 2302 2375 Octovir.
2310 2342 2339 2375 c.
2347 2330 2438 2376 12.§.
2448 2331 2502 2364 10.

1226 2385 1248 2414 a
1266 2361 1513 2417 Trevirenſi
1531 2382 1695 2424 autem,
1727 2372 1897 2430 quando
1915 2374 2080 2420 ſumma
2095 2388 2182 2433 500.
2196 2379 2350 2432 floren.
2365 2386 2567 2427 Rhen.

1222 2432 1403 2484 excedit,
1418 2436 1554 2484 Blum.
1564 2438 1626 2479 loc.
1635 2442 1694 2486 cit.
1704 2439 1802 2488 rubr.
1861 2438 2083 2497 Chur⸗Trier.

1338 2488 1376 2545 §.
1393 2490 1441 2536 II.
1486 2491 1621 2535 Præter
1644 2484 1839 2548 Electores
1857 2492 2056 2549 ſeculares
2067 2497 2113 2556 &
2137 2493 2405 2553 Moguntinum
2434 2490 2501 2537 alii

1220 2546 1357 2594 adhuc
1373 2551 1514 2596 Status
1528 2552 1701 2609 Imperii
1716 2552 1927 2599 illimitato
1941 2553 2167 2614 privilegio
2181 2565 2234 2602 de
2250 2549 2505 2614 non-appel-

1219 2603 1345 2649 lando
1359 2604 1558 2663 gaudent.
1612 2611 1728 2656 Inter
1741 2624 1816 2655 eos
1831 2609 1929 2656 ſunt
1940 2614 2086 2673 primo
2109 2617 2397 2677 Archi-Duces
2409 2615 2499 2659 Au-

1219 2671 1325 2716 ſtriæ
1345 2668 1495 2726 vigore
1518 2669 1732 2732 privilegii
1749 2673 1892 2721 Caroli
1915 2676 1967 2721 V.
1984 2674 2040 2721 de
2057 2674 2158 2722 dato
2174 2676 2389 2737 Augſpurg
2407 2674 2446 2717 d.
2460 2678 2496 2721 8.
