2466 2835
606 521 701 577 DE
701 521 875 577 AERIS
875 521 1141 577 ACTIONE
1141 521 1218 577 IN
1218 521 1483 577 CHYLVM-

1779 540 1837 577 21

288 586 540 636 mentationem
556 586 592 630 in
609 593 682 633 illis
684 624 885 648 producere.
972 605 1110 649 Liquor
1126 611 1296 654 gaſtricus
1312 623 1347 641 et
1360 613 1604 658 pancreaticus
1616 609 1772 651 eiusdem
1787 612 1836 650 fe-

289 674 328 699 re
345 663 422 700 ſunt
445 676 508 701 cum
525 661 638 704 ſaliua
638 663 783 707 indolis.
861 670 1021 723 Oportet
1041 676 1158 722 itaque
1177 688 1215 713 vt
1232 681 1276 714 ab
1293 683 1447 718 admixta
1467 681 1586 731 ſaliua|,
1624 680 1760 732 liquore
1777 692 1837 732 ga-

290 729 394 767 ſtrico
411 739 445 766 et
460 732 683 781 pancreatico
699 734 736 770 in
747 734 904 775 aſſumtis
917 748 1034 776 motus
1049 743 1181 779 oriatur
1195 746 1487 785 fermentatorius.
1541 749 1624 789 Bilis
1639 761 1725 788 vero
1738 761 1835 790 natu-

290 802 329 826 ra
345 792 403 827 ſua
420 793 465 828 ad
480 792 706 845 putredinem
721 799 836 848 magis
855 800 905 836 eſt
925 801 1110 852 diſpoſita,
1161 820 1312 853 propter
1339 818 1494 860 copioſas
1519 831 1635 861 partes
1656 817 1777 851 oleoſas
1797 830 1832 853 et

291 852 407 890 ſalinas
424 855 667 897 alcaleſcentes.
745 860 922 908 Quamuis
940 865 1033 901 enim
1050 866 1128 903 bilis
1145 873 1214 904 dici
1230 886 1301 904 non
1318 882 1423 919 poſſit
1444 887 1600 921 alcalina,
1649 887 1761 923 negari
1779 899 1825 940 ta-

292 930 375 957 men
392 921 526 971 nequit,
547 933 749 964 contentum
766 927 800 965 in
818 940 857 967 ea
872 928 926 979 ſal,
942 930 1056 983 magis
1072 932 1118 970 ad
1131 935 1397 976 alcaleſcentiam
1412 947 1481 976 eſſe
1496 950 1660 992 procliue.
1715 955 1735 1004 Si
1760 957 1813 984 ita-

290 995 361 1033 que
379 986 413 1022 in
430 987 516 1026 cibis
532 987 685 1030 aſſumtis
701 992 767 1030 iam
786 992 899 1043 aliqua
917 995 1003 1034 adſit
1019 998 1063 1035 ad
1082 1003 1306 1052 putredinem
1325 1009 1522 1057 diſpoſitio,
1563 1030 1602 1068 ea
1616 1021 1659 1069 ab
1679 1022 1816 1071 adnixta

289 1052 357 1093 bile
375 1055 419 1094 ad
437 1055 555 1097 actum
571 1059 686 1111 magis
702 1059 831 1100 deduci
847 1063 967 1115 debet,
980 1066 1133 1114 indeque
1150 1071 1319 1120 incipiens
1335 1080 1491 1122 putredo
1500 1084 1594 1129 oriri.
1668 1088 1812 1128 Vteque

288 1136 374 1163 vero
388 1137 506 1165 motus
523 1128 721 1180 inteſtinus,
758 1139 840 1173 tam|
845 1133 1125 1176 fermentatorius
1145 1150 1252 1186 quam
1270 1146 1529 1194 putredinoſus,
1550 1152 1637 1186 tollit
1657 1155 1808 1191 cohaſio-

289 1199 371 1238 nem
386 1193 560 1242 partium,
585 1205 734 1245 corpora
751 1198 854 1238 ſolida
872 1203 986 1240 mollia
1002 1203 1137 1251 reddit,
1169 1219 1203 1244 et
1219 1207 1476 1248 diſſolutionem
1490 1219 1643 1261 partium
1663 1223 1808 1264 chyliad-

287 1265 330 1290 eo
350 1255 499 1295 adiuuat.

374 1340 475 1375 Schol.
502 1339 723 1377 Putredinem
741 1355 760 1375 a
775 1341 842 1379 bile
859 1344 1004 1382 admixta
1023 1347 1057 1382 in
1075 1348 1175 1391 chylo
1201 1367 1304 1401 oriri,
1334 1357 1456 1389 docent
1483 1374 1647 1406 manifeſta
1663 1389 1815 1425 putredi

456 1391 508 1426 nis
523 1390 614 1440 ſigna
632 1394 666 1428 in
688 1398 932 1442 exerementis,
992 1413 1077 1448 quae
1108 1412 1220 1451 quoad
1245 1417 1424 1442 maximam
1444 1430 1574 1459 partem
1592 1435 1610 1444 a
1624 1426 1692 1466 bile
1711 1435 1824 1473 oriun-

455 1460 520 1486 tur.
580 1452 647 1491 Sub
664 1456 767 1492 ictero
784 1458 875 1494 enim
901 1459 959 1496 vbi
973 1460 1047 1498 bilis
1065 1465 1165 1513 chylo
1184 1472 1235 1499 vel
1252 1477 1383 1516 parcius
1398 1481 1450 1502 vel
1467 1481 1565 1519 plane
1583 1494 1651 1506 non
1668 1489 1822 1510 admiſce-

458 1518 534 1554 tur,
563 1523 634 1548 non
650 1513 755 1551 modo
774 1516 882 1553 flauus
901 1530 1194 1556 excrementorum
1212 1537 1305 1559 color
1322 1546 1392 1560 non
1410 1538 1520 1571 adeſt,
1553 1550 1673 1566 verum
1697 1557 1730 1567 et
1751 1547 1821 1569 foe-

454 1579 510 1608 tor
528 1570 619 1611 deeſt
633 1586 667 1611 et
684 1571 775 1623 ſigna
791 1577 981 1628 putredinis
1000 1581 1091 1618 nulla
1106 1581 1190 1619 ſunt.

966 1686 1000 1731 §.
1053 1692 1137 1729 XV.

780 1745 954 1790 Partium
978 1746 1076 1800 chyli
1100 1749 1325 1794 combinatio.

386 1811 431 1855 II.
457 1809 694 1861 Conſideratis
711 1817 751 1856 iis
767 1817 889 1858 cauſſis
904 1831 994 1869 quae
1003 1819 1258 1865 diſſolutionem
1275 1832 1508 1869 aſſumtorum
1522 1841 1735 1883 producunt,
1754 1844 1822 1871 iam

281 1891 345 1918 nos
370 1885 606 1927 conuertimus
629 1888 675 1927 ad
696 1901 751 1928 eas
775 1890 1025 1945 chylificationi
1043 1894 1265 1939 inſeruientes
1287 1902 1435 1950 cauſſas,
1476 1918 1565 1953 quae
1583 1906 1822 1948 diſſolutarum

280 1939 432 1988 partium
448 1944 736 1987 combinationem
751 1963 786 1987 et
804 1952 1083 1994 coniunctionem
1097 1961 1262 2013 efficiunt.
1331 1970 1590 2021 Combinantur
1606 1984 1720 2000 autem
1741 1985 1819 2013 par-

277 2015 329 2045 tes
345 2009 519 2051 diſſolutae
534 2013 666 2067 duplici
683 2016 898 2070 potiſſimum
916 2022 1046 2069 modo,
1072 2029 1127 2058 vel
1145 2037 1176 2071 1)
1193 2042 1258 2074 per
1275 2048 1411 2063 motum
1429 2053 1464 2066 et
1478 2038 1676 2081 preſſionem
1699 2053 1818 2072 exter-

278 2088 376 2127 nam,
416 2083 472 2121 vel
490 2084 525 2135 2)
541 2098 608 2137 per
622 2087 788 2127 admixta
794 2086 917 2141 fluida
931 2092 1194 2146 ſaponiformia,
1252 2101 1296 2149 1)
1318 2101 1429 2140 Prius
1444 2106 1484 2139 fit
1509 2117 1581 2140 tum
1598 2118 1662 2152 per
1680 2118 1817 2142 motum

277 2140 458 2181 ventriculi
474 2157 509 2183 et
524 2149 761 2190 inteſtinorum
779 2153 1046 2203 periſtalticum,
1073 2173 1146 2191 tum
1165 2177 1229 2204 per
1252 2169 1463 2210 preſſionem
1483 2171 1758 2213 diaphragmatis
1782 2185 1817 2202 et

274 2202 508 2247 muſculorum
517 2214 798 2253 abdominalium.
851 2218 944 2253 Fieri
959 2237 1075 2256 autem
1089 2231 1187 2270 poſſe
1204 2255 1343 2278 nouam
1348 2237 1642 2263 combinationem
1660 2243 1816 2278 partium

274 2267 369 2318 chyli
385 2285 403 2314 a
417 2280 589 2324 preſſione
606 2296 640 2315 et
657 2297 755 2315 motu
766 2290 943 2328 continuo,
963 2292 1133 2322 docemur
1149 2312 1193 2323 ex
1205 2301 1466 2338 praeparatione
1483 2302 1719 2332 emulſionum.
1774 2306 1816 2334 In

273 2345 344 2372 emu
361 2330 455 2386 ſione
473 2333 562 2388 enim
580 2341 697 2384 oleoſa
704 2349 954 2401 vegetabilium
971 2370 1054 2396 pars
1070 2375 1151 2387 cum
1172 2375 1259 2397 aqua
1286 2364 1524 2405 combinatur,
1551 2366 1648 2395 ſolius
1676 2375 1808 2398 tritura-

270 2400 373 2440 tionis
393 2410 428 2440 et
444 2409 730 2458 conquaſſationis
748 2433 837 2460 ope,
863 2424 957 2478 vnde
974 2428 1038 2479 olei
1053 2433 1242 2467 particulae
1261 2441 1441 2470 tantopere
1457 2434 1693 2472 reſoluuntur,
1719 2447 1757 2463 vt
1773 2438 1808 2461 in

1068 2507 1113 2557 C
1113 2507 1151 2557 3

1749 2509 1807 2555 in-
