2410 2823
1585 541 1627 572 11

341 614 504 655 hominis
512 618 611 654 varia
627 619 764 668 ratione
789 611 947 668 modoque
970 614 1203 659 afficiendum
1210 617 1514 667 voluntatemque
1524 627 1631 657 com-

338 673 565 707 movendam
580 674 687 708 valet.
715 669 801 706 Inde
819 663 927 709 enim,
954 677 1064 717 prout
1083 671 1242 721 cognitio
1250 681 1376 711 rerum
1391 674 1429 711 &
1442 671 1629 713 doctrina-

340 728 423 748 rum
439 723 684 766 ſpiritualium
693 713 874 762 ejusmodi
892 714 971 756 vim
986 708 1095 766 atque
1109 717 1359 759 efficacitatem
1376 718 1413 756 in
1428 719 1551 757 animo
1559 718 1631 758 ho-

340 773 450 806 minis
470 776 526 808 vel
547 774 692 812 exſerit,
705 767 786 805 vel
799 779 874 806 non
889 769 1038 815 exſerit,
1064 770 1130 808 alia
1145 771 1294 818 hiſtorica
1312 782 1473 811 tantum,
1499 770 1632 818 otioſa,

339 832 495 863 mortua,
516 825 587 860 alia
605 815 722 869 efficax
741 819 766 856 &
781 820 882 858 viva,
911 818 1122 869 eodemque
1137 820 1212 861 fere
1226 820 1345 861 modo
1359 821 1424 861 alia
1440 834 1540 862 mere
1556 822 1630 862 lite-

337 878 442 916 ralis,
472 873 541 912 alia
545 867 737 922 ſpiritualis
754 871 823 911 eſſe
835 873 1009 913 dicitur.
1032 874 1080 915 Et
1098 874 1140 913 in
1140 874 1213 914 illis
1224 872 1376 925 quidem
1390 875 1517 919 rebus,
1545 885 1631 928 quæ

339 927 497 958 ſenſibus
520 922 540 970 &
560 918 695 960 rationi
716 919 884 970 ſubjectæ
901 921 999 967 ſunt,
1026 923 1063 961 in
1093 922 1277 973 diſciplina
1297 923 1468 973 inprimis
1486 923 1628 967 morali,

335 976 474 1022 duplex
482 971 572 1010 illud
581 971 803 1024 cognitionis
813 985 929 1026 genus
943 979 988 1026 (*)
997 976 1213 1028 Philoſophi
1224 975 1436 1029 agnoſcunt,
1447 988 1634 1026 unamque

336 1018 483 1057 vivam
483 1017 507 1063 &
529 1016 735 1066 efficacem,
745 1019 894 1066 alteram
913 1017 1113 1063 mortuam,
1121 1022 1291 1065 otioſam,
1307 1023 1462 1063 ſterilem
1479 1023 1549 1062 eſſe
1563 1030 1632 1063 do-

331 1073 439 1108 cent.
478 1068 583 1108 Cum
594 1081 685 1109 vero
703 1071 955 1120 cognitionis,
979 1076 1048 1123 quæ
1066 1069 1110 1119 in
1134 1070 1246 1122 rebus
1253 1076 1424 1114 humanis
1440 1076 1630 1122 ſenſuique

333 1124 371 1163 &
385 1122 516 1160 rationi
531 1122 694 1171 ſubjectis
708 1124 899 1168 verſatur,
928 1129 1004 1164 non
1021 1125 1146 1163 eadem
1165 1125 1313 1176 prorſus
1327 1127 1418 1164 ratio
1427 1126 1493 1169 ſit,
1520 1136 1630 1175 atque

332 1173 451 1217 illius,
478 1183 566 1220 quæ
579 1185 624 1212 ex
633 1169 663 1221 S.
659 1175 795 1213 literis
809 1175 973 1225 profecta
988 1176 1131 1215 divinas
1143 1187 1200 1217 res
1217 1178 1256 1217 &
1273 1176 1474 1227 ſpitituales
1487 1180 1628 1228 ample-

328 1223 449 1268 ctitur,
459 1236 534 1261 non
552 1223 625 1263 ſine
647 1224 748 1263 cauſa
760 1223 888 1275 utique
903 1237 970 1263 nec
983 1225 1159 1266 inutiliter
1174 1227 1365 1280 quæritur,
1380 1240 1471 1266 num
1482 1239 1626 1268 utrum-

331 1290 405 1328 que
418 1276 508 1317 illud
529 1276 753 1330 cognitionis
770 1289 886 1336 genus
902 1279 940 1317 in
961 1281 1072 1321 rebus
1096 1282 1205 1323 etiam
1221 1282 1325 1324 ſacris
1334 1281 1459 1323 locum
1471 1282 1625 1330 habeat,

332 1340 463 1370 quæve
482 1330 702 1382 utriusque,
727 1325 769 1381 ſi
781 1331 940 1384 legitima
956 1332 996 1374 ſit
1017 1335 1076 1375 illa
1091 1333 1294 1380 diſtinctio,
1322 1345 1447 1376 natura
1462 1336 1500 1376 ſit
1530 1337 1546 1377 &
1570 1338 1626 1376 in-

331 1368 446 1421 doles.
503 1379 572 1420 Res
590 1378 663 1432 ipſa
677 1379 815 1430 etiam,
812 1377 925 1435 quia
944 1392 1020 1419 non
1030 1394 1162 1422 omnes
1175 1384 1364 1436 Theologi
1377 1385 1476 1423 idem
1495 1384 1624 1425 ſentire

330 1435 514 1482 videntur,
540 1434 650 1489 digna
664 1435 725 1482 eſt,
752 1443 839 1487 quæ
847 1437 971 1489 paullo
987 1434 1174 1488 plenius
1145 1432 1162 1486 &
1187 1441 1389 1481 diſtinctius
1406 1450 1621 1488 exponatur.

355 1488 409 1535 (*)
421 1490 506 1528 Chr.
532 1481 788 1531 WOLFIUS:
782 1488 975 1538 Cognitio
996 1493 1070 1526 viva
1084 1490 1229 1534 dicitur,
1241 1503 1315 1535 quæ
1325 1490 1363 1526 fit
1379 1494 1550 1531 motivum
1565 1505 1624 1527 vo-

383 1538 517 1570 luntatis
527 1535 580 1568 vel
592 1537 785 1571 noluntatis.
796 1536 857 1573 Aſt
866 1544 1001 1575 mortua
1011 1539 1150 1571 vocatur
1157 1539 1325 1583 cognitio,
1339 1548 1413 1583 quæ
1421 1550 1491 1573 non
1500 1537 1539 1572 fit
1549 1552 1625 1576 mo-

383 1589 494 1622 tivum
511 1587 704 1622 Voluntatis
722 1584 777 1621 vel
799 1585 991 1624 noluntatis.
1045 1591 1095 1627 Ph
1129 1592 1180 1629 Pr.
1199 1587 1309 1627 Univ.
1330 1592 1361 1627 P.
1378 1592 1418 1628 II.
1435 1591 1463 1636 §.
1482 1599 1564 1630 244.
1587 1592 1623 1629 &

384 1640 474 1677 Ven.
488 1642 715 1678 ERNESTI
715 1642 760 1680 in
778 1640 855 1680 Init.
869 1638 955 1679 Phil.
969 1642 1065 1681 Mor.
1078 1646 1107 1679 c.
1117 1642 1159 1679 V.
1177 1641 1274 1694 §.63.
1301 1640 1486 1692 Cognitio,
1498 1642 1625 1693 inquit,

377 1684 461 1721 boni
478 1692 514 1724 &
531 1689 630 1731 mali,
654 1699 719 1736 qua
732 1688 774 1722 ad
787 1689 997 1726 voluntatem
1014 1686 1184 1735 refertur,
1213 1687 1337 1738 duplex
1352 1689 1428 1729 eſt:
1453 1689 1557 1729 altera
1579 1694 1627 1729 vi-

383 1751 423 1774 va
442 1745 477 1778 &
501 1741 638 1786 efficax,
667 1751 802 1779 mortua
815 1742 919 1780 altera
933 1746 967 1780 &
990 1740 1110 1782 otioſa.
1184 1745 1348 1794 Superior
1374 1747 1540 1790 ejusmodi
1561 1746 1626 1791 eſt,

379 1797 417 1824 ut
438 1789 559 1826 habeat
570 1793 781 1827 voluntatem
789 1791 1002 1839 ſequacem,
1003 1793 1130 1836 altera,
1154 1802 1192 1829 ut
1203 1792 1332 1829 nullam
1349 1795 1385 1832 in
1400 1795 1625 1833 Voluntatem

383 1843 459 1879 vim
472 1842 609 1880 habeat.
659 1844 823 1894 ldemque
841 1852 949 1891 porro
965 1846 1077 1891 paucis
1096 1845 1233 1894 egregie
1253 1843 1372 1889 docet,
1385 1845 1477 1881 unde
1492 1849 1525 1883 &
1540 1858 1627 1897 quo-

383 1888 492 1929 modo
513 1887 600 1925 viva
613 1890 666 1939 fiat
678 1896 849 1931 cognitio.
901 1894 988 1931 Viva
1009 1904 1131 1929 autem,
1157 1893 1239 1942 ait,
1256 1894 1275 1933 &
1298 1894 1419 1932 efficax
1440 1894 1555 1934 multis
1574 1910 1627 1932 re-

384 1945 445 1984 bus
468 1940 534 1979 fit:
553 1943 696 1991 primo,
715 1938 750 1996 ſi
763 1954 854 1983 certa
869 1944 929 1982 eſt
953 1949 1165 1995 minimeque
1191 1946 1309 1990 dubia,
1339 1946 1483 1993 deinde,
1512 1946 1535 1985 ſi
1555 1962 1627 1985 non

385 1990 550 2040 generalis
563 1987 706 2035 ſolum,
719 1992 776 2028 ſed
791 1999 845 2030 rei
861 1998 1041 2044 propoſitæ
1057 1999 1338 2037 accommodata:
1351 2006 1479 2044 porro,
1506 1998 1529 2032 fi
1544 2010 1627 2046 præ-

382 2048 456 2085 ſens
469 2041 601 2094 ſemper
615 2044 649 2078 in
667 2043 740 2094 ipſo
752 2048 795 2083 ad
813 2048 989 2087 actionem
1008 2047 1164 2086 acceſſu:
1190 2048 1356 2097 denique,
1375 2049 1399 2085 ſi
1418 2052 1629 2087 commotio-

387 2109 445 2133 nes
462 2095 566 2133 animi
580 2106 651 2131 non
667 2095 837 2142 adverſas,
861 2098 917 2136 ſed
932 2100 1112 2147 adjutrices
1138 2101 1249 2148 potius
1267 2100 1376 2139 habet.
1404 2102 1498 2138 ibid.

436 2172 465 2215 §.
489 2167 554 2205 VI.
608 2159 826 2218 Antiquiores
846 2161 1004 2216 Eccleſiæ
1020 2168 1152 2208 noſtræ
1171 2167 1362 2216 Theologi
1376 2170 1523 2219 duplex
1535 2169 1624 2210 illud

334 2214 558 2264 cognitionis
565 2220 680 2264 genus
689 2212 726 2249 in
735 2209 844 2252 rebus
852 2213 962 2253 etiam
973 2215 1107 2257 divinis
1133 2218 1150 2256 &
1169 2216 1412 2268 ſpiritualibus
1422 2226 1498 2254 non
1511 2227 1626 2267 agno-

336 2277 469 2303 verunt
487 2273 625 2308 modo,
652 2257 711 2303 ſed
724 2263 930 2316 graviſſime
940 2266 1073 2311 etiam,
1098 2272 1137 2304 ut
1162 2265 1312 2305 maximi
1325 2266 1506 2306 momenti
1526 2280 1626 2314 rem,

336 2323 518 2357 inculcare
532 2317 625 2359 ſoliti
635 2316 733 2366 ſunt;
759 2315 811 2357 uſi
822 2330 913 2359 vero
928 2319 1160 2362 diſtinctione
1174 2321 1233 2359 illa
1244 2317 1464 2371 plerumque
1474 2320 1520 2361 ita
1534 2322 1625 2369 ſunt,

956 2372 994 2414 B
994 2372 1036 2414 2

1574 2387 1632 2423 ut
