1746 2626
503 367 585 417 DE
585 367 861 417 SCRIPURA
861 367 908 417 S.

1160 377 1219 431 93

212 470 276 495 tot.
337 452 380 494 Et
405 455 518 495 tamen
536 460 649 496 multis
665 460 798 510 Cocceji
824 465 929 509 magis
946 464 1085 510 alicujus
1105 478 1213 499 exem-

216 519 332 569 plum,
362 522 465 568 quam
484 522 535 556 lex
552 523 649 566 haec,
671 525 708 559 .S
739 528 754 561 .S
772 538 817 560 ita
836 523 1021 562 honorifica
1038 525 1215 577 probatur.

218 574 315 610 Adeo
325 576 511 612 humanum
521 574 580 611 ſuo
595 575 650 626 eſt,
658 579 843 624 indulgere
859 585 892 614 in
903 584 1131 615 concinnanda
1141 587 1215 617 reli-

218 629 321 674 gione
341 631 496 675 ingenio,
512 624 623 677 quam
631 634 768 682 obſequi
787 639 919 670 divinae
936 638 1124 671 auctoritati
1141 642 1216 674 ſim-

218 694 373 740 pliciter!
409 701 684 731 (RAMBACHII
700 698 803 743 Inſtit.
821 698 975 736 Hermen.
1004 700 1036 733 S.
1058 710 1090 746 p.
1109 705 1154 743 78
1179 701 1215 738 ſſ.

216 759 342 782 PFAFF
368 747 409 783 de
431 748 518 785 recta
539 750 729 799 conformat.
746 755 837 787 theol.
862 756 1010 801 typicae.)
1070 756 1123 788 Ab
1144 759 1217 797 his,

217 809 304 849 quae
325 802 470 840 breviter
493 804 699 853 ſtrictimque
725 815 937 851 monuimus,
969 814 1153 855 ſeparanda
1176 819 1217 844 ea

217 859 311 902 ſunt,
338 872 423 911 quae
447 864 488 899 de
514 868 699 913 allegatione
712 874 781 910 per
801 873 1139 907 accommodationem,
1173 885 1215 904 ex

217 928 262 962 V.
280 929 327 961 T.
343 927 378 960 in
401 927 462 972 N.
474 922 586 977 facta,
609 929 762 961 accurate
786 927 927 963 Glaſſius
953 929 1062 965 noſter
1090 929 1122 962 d.
1140 930 1162 964 l.
1179 942 1216 976 p.

216 988 277 1034 582
290 983 324 1018 ſſ.
340 996 467 1021 monet.

336 1102 363 1146 §.
394 1110 451 1148 97.
514 1103 582 1152 Qui
604 1116 720 1142 contra
744 1118 871 1143 omnes
887 1105 962 1144 fere
977 1110 1007 1144 S.
1024 1109 1056 1144 S.
1073 1108 1217 1157 paginas

220 1126 330 1198 ſolent
342 1151 464 1195 abditis
490 1150 750 1205 ſublimibusque
775 1159 939 1206 ſenſibus,
967 1162 1142 1211 ipſamque
1166 1169 1218 1214 hi-

217 1209 354 1247 ſtoriam
369 1214 399 1246 S.
409 1224 455 1256 et
466 1210 634 1249 doctrinas
651 1214 775 1254 ethicas
795 1221 980 1258 involvere,
998 1217 1123 1250 incerta
1139 1218 1220 1254 red-

219 1266 305 1303 dunt
321 1268 447 1310 omnia,
470 1278 603 1305 eorum
610 1273 784 1306 lasciviam
801 1278 836 1305 in
853 1279 1010 1317 graviore
1028 1284 1065 1309 re
1077 1279 1215 1315 imitati,

220 1319 281 1367 qui
304 1321 340 1355 in
350 1315 521 1357 Homero
540 1327 638 1358 olim
656 1334 813 1370 omnium
837 1328 1036 1362 eruditionis
1060 1331 1218 1374 partium

216 1380 344 1419 ſemina
362 1382 494 1427 latere,
514 1393 641 1423 temere
656 1387 881 1433 leviſſimeque
898 1393 1073 1438 putabant.
1162 1396 1214 1427 Hi

217 1453 302 1477 vero
327 1443 413 1480 male
432 1443 491 1480 fidi
509 1446 712 1494 interpretes
735 1456 797 1479 non
803 1442 1054 1494 perpendunt,
1081 1452 1218 1485 nullam

219 1503 396 1539 veritatem
413 1501 656 1550 inſructuoſam
674 1503 753 1552 eſſe;
793 1504 1001 1555 ſingularum
1024 1519 1108 1544 vero
1131 1511 1159 1546 S.
1179 1513 1220 1547 S.

217 1556 458 1600 ſententiarum
483 1561 542 1595 has
565 1567 739 1610 proxime,
766 1568 845 1597 alias
869 1569 1030 1612 propius,
1061 1570 1140 1600 alias
1167 1574 1214 1603 vi-

218 1619 319 1659 ciſſim
335 1633 464 1659 remote
482 1632 611 1658 tantum
623 1637 666 1658 ac
683 1631 847 1666 mediate,
869 1632 911 1660 ad
936 1629 1093 1670 fidem
1051 1643 1092 1676 ac
1110 1635 1212 1674 pieta-

219 1690 289 1719 tem
313 1683 526 1724 chriſtianam
553 1695 593 1730 ex
603 1685 732 1731 divino
755 1702 816 1723 nos
834 1682 971 1724 conſilio
984 1701 1100 1723 manu
1119 1692 1209 1736 quaſi

216 1738 392 1777 adducere.
462 1742 573 1785 Immo
604 1754 691 1780 vero
718 1751 874 1789 graviora
891 1749 990 1780 docet
1012 1760 1076 1782 nos
1099 1746 1210 1784 ſenſus

217 1799 387 1845 litteralis,
416 1814 517 1850 quam
543 1803 605 1839 ille
616 1804 725 1842 illatus
743 1820 776 1842 et
792 1804 937 1847 affictus.
992 1806 1061 1849 Sic,
1091 1818 1128 1841 ut
1146 1808 1211 1843 hoc

218 1870 303 1901 utar,
324 1863 432 1907 magis
447 1857 611 1898 lectorum
628 1862 774 1909 intereſt,
806 1864 942 1900 moneri
956 1876 1013 1901 eos
1028 1866 1070 1901 ad
1082 1868 1207 1904 Matth.

215 1929 270 1965 21,
296 1929 326 1955 2.
345 1919 378 1955 ſſ.
407 1923 449 1957 de
486 1921 685 1973 impletione
718 1924 955 1971 vaticiniorum
1000 1923 1210 1972 meditanda,

216 1990 318 2027 quam
342 1980 383 2015 de
407 1980 610 2030 ſubjiciendo
635 1982 805 2019 Servatori
831 1984 944 2020 vetere
970 1983 1123 2028 Adamo,
1152 1988 1223 2022 aut

211 2041 254 2077 de
283 2040 456 2077 vocatione
474 2041 698 2091 Judaeorum
717 2054 756 2077 ac
778 2040 932 2090 gentium
962 2043 1003 2081 ad
1029 2044 1223 2083 eccleſiam.

211 2100 308 2151 Quae
333 2113 408 2137 cum
434 2103 479 2139 ita
497 2101 577 2145 ſint,
600 2114 667 2139 non
685 2102 732 2140 eſt
745 2108 937 2156 promiscue
956 2117 1033 2141 cum
1051 2108 1206 2144 Patribus

207 2160 379 2197 nonnullis
397 2173 455 2197 aut
471 2160 736 2211 Romanenſibus
755 2168 865 2201 omnis
882 2178 958 2215 pars
975 2169 1005 2203 S.
1026 2169 1057 2202 S.
1077 2167 1117 2201 ad
1136 2171 1223 2207 ſen

168 2204 279 2272 ſum
300 2216 537 2264 allegoricum,
569 2220 823 2267 tropologicum
848 2236 882 2256 et
907 2223 1131 2267 anagogicum
1149 2232 1225 2268 de

1127 2297 1215 2334 tor
