1757 2781
682 563 765 601 206

988 569 1071 596 LIB.
1091 569 1146 595 IX.
1188 564 1292 598 TIT.
1301 566 1341 596 V.

689 652 807 693 ſcendi
822 652 920 691 cauſa
936 654 1099 702 ponitur,
1122 654 1154 688 in
1172 665 1246 691 eam
1264 666 1338 691 rem
1355 653 1491 696 familiæ
1507 656 1627 694 ludere

690 703 968 753 permittebatur,
979 702 997 736 l.
1008 713 1039 746 4.
1046 701 1098 755 pr.
1108 699 1146 750 h.
1191 707 1284 744 Alias
1299 707 1385 745 vero
1399 707 1467 744 Iudi
1483 705 1631 744 fortunæ

691 759 724 794 &
739 760 852 801 mixti,
862 759 919 806 qui
934 757 994 791 alea
1004 751 1172 811 dicuntur,
1183 757 1473 809 prohibebantur;
1498 761 1544 795 ita
1554 759 1629 808 qui-

689 808 783 851 dem,
799 819 835 843 vt
851 806 997 853 pecunia
1015 806 1168 846 ludendo
1184 809 1337 858 perdita,
1356 809 1398 846 ab
1417 810 1487 857 ipſo
1504 809 1628 850 luſore,

689 866 745 900 vel
757 865 827 898 eius
838 868 947 906 patre,
964 862 1016 897 vel
1033 863 1245 914 magiſtratu,
1260 865 1313 899 vel
1330 863 1489 911 quolibet
1505 876 1549 899 ex
1566 872 1629 912 po-

687 913 775 966 pulo
782 911 870 959 intra
880 911 1126 961 quinquaginta
1142 925 1251 949 annos
1266 917 1376 960 repeti
1393 914 1512 963 poſſet,
1527 916 1579 964 l.f.
1594 915 1627 951 C.

687 971 720 1006 h.
740 976 790 1005 t.;
821 975 932 1014 neque
956 968 1147 1005 aleatorum
1173 970 1382 1016 receptatori
1407 977 1549 1017 propter
1571 969 1628 1005 da-

690 1026 831 1058 mnum,
860 1025 916 1052 aut
933 1013 1060 1054 furtum
1081 1019 1138 1069 ipſi
1163 1017 1288 1054 factum
1309 1018 1398 1054 actio
1417 1018 1628 1056 concedere-

689 1081 758 1112 tur,
776 1070 796 1104 l.
807 1074 884 1118 1.pr.
902 1068 938 1111 &
952 1076 988 1116 §.
1003 1086 1028 1115 3.
1044 1073 1077 1107 h.
1090 1083 1114 1110 t.
1141 1071 1198 1111 ſed
1215 1072 1314 1124 ipſius
1333 1073 1457 1109 domus
1475 1071 1630 1121 publica-

688 1131 798 1165 retur,
814 1120 873 1158 d.l.
882 1122 912 1169 f.
924 1122 978 1163 C.;
1002 1125 1036 1157 in
1055 1119 1166 1169 ſpecie
1181 1134 1294 1160 autem
1312 1123 1430 1166 clerici
1449 1135 1511 1173 per
1526 1125 1628 1160 trien-

689 1176 783 1210 nium
795 1175 836 1212 ab
846 1174 963 1212 officio
968 1171 1270 1222 ſuspenderentur,
1282 1176 1381 1211 Auth.
1391 1174 1628 1214 interdicimus.

691 1227 726 1261 C.
739 1224 777 1260 de
792 1223 918 1271 epiſcop.
932 1222 970 1261 &
984 1226 1125 1261 cleric.

738 1271 769 1322 §.
800 1262 860 1312 IV.
912 1266 1120 1319 Optandum
1130 1277 1223 1312 eſſet,
1230 1286 1273 1314 vt
1284 1275 1368 1319 hanc
1377 1281 1473 1320 iuris
1475 1279 1630 1321 Romani

689 1327 949 1378 dispoſitionem
962 1327 1207 1379 recepiſſemus
1221 1331 1254 1365 in
1266 1320 1468 1377 Germania.
1489 1324 1629 1375 Verum

688 1381 860 1432 quidquid
887 1377 969 1421 DD.
991 1384 1182 1422 theoretice
1206 1383 1402 1432 disputent,
1429 1385 1546 1432 praxis
1562 1379 1630 1435 ipſa

689 1432 904 1467 contrarium
920 1430 1033 1469 docet.
1085 1433 1188 1470 Vnde
1201 1429 1308 1470 hodie
1327 1429 1461 1469 ſoluere
1479 1446 1627 1478 tenetur,

690 1489 750 1535 qui
766 1487 918 1522 ludendo
935 1487 1066 1537 aliquid
1083 1486 1245 1536 perdidit,
1270 1488 1359 1526 modo
1373 1480 1427 1538 (1)
1435 1488 1565 1527 liberam
1573 1486 1629 1530 bo-

688 1545 804 1570 norum
812 1530 1115 1582 adminiſtrationem
1124 1531 1253 1577 habeat;
1282 1538 1335 1591 (2)
1347 1540 1435 1582 vltra
1441 1541 1629 1584 quingentos

678 1582 801 1641 ſolidos
811 1585 872 1633 (ad
888 1590 1085 1638 exemplum
1102 1587 1325 1635 donationis)
1346 1600 1409 1631 non
1424 1589 1630 1638 perdiderit;

690 1636 747 1686 (3)
761 1632 859 1682 fraus
877 1640 1009 1675 alterius
1023 1650 1084 1682 non
1102 1641 1339 1680 interuenerit;
1364 1641 1402 1684 &
1414 1644 1470 1688 (4)
1485 1646 1576 1682 liberi
1594 1642 1630 1676 in

687 1694 843 1745 legitima
846 1707 916 1733 non
933 1696 1112 1744 lædantur,
1123 1697 1194 1734 Dn.
1219 1708 1371 1737 STRYK.
1394 1694 1433 1731 de
1448 1699 1554 1748 inueſt.
1565 1695 1626 1738 act.

681 1745 761 1799 ſect.
775 1759 794 1780 1.
812 1745 940 1784 membr.
952 1759 989 1782 10.
1000 1747 1039 1792 §.
1039 1749 1093 1792 18.
1093 1747 1137 1793 &
1146 1762 1186 1793 19.
1242 1739 1328 1785 Iure
1342 1742 1628 1797 Magdeburgico

685 1808 830 1850 propter
843 1800 948 1840 luſum
958 1815 1028 1839 non
1039 1802 1141 1840 datur
1150 1804 1254 1850 actio,
1269 1801 1325 1841 ſed
1336 1805 1358 1841 ſi
1370 1805 1453 1854 quid
1462 1808 1529 1841 iam
1540 1803 1626 1847 ſolu-

686 1857 774 1889 tum,
789 1842 860 1883 eius
877 1860 1016 1899 quoque
1029 1860 1097 1890 non
1109 1848 1204 1893 datur
1224 1848 1401 1900 repetitio,
1416 1851 1522 1887 ordin.
1533 1850 1628 1899 polit.

685 1912 712 1934 c.
721 1911 770 1944 54.
786 1901 858 1949 §.5.
904 1906 1057 1940 Pertinet
1071 1903 1114 1940 ad
1132 1902 1223 1941 hanc
1236 1897 1415 1942 materiam
1438 1916 1554 1939 PARIS
1578 1910 1627 1939 DE

686 1959 826 1994 PVTEO
826 1959 929 1994 intr.
944 1954 982 1992 de
997 1954 1093 1997 ludo;
1123 1968 1280 1992 PASCAS.
1308 1969 1462 1992 IVSTVS
1483 1956 1525 2002 de
1531 1958 1627 1996 alea;

684 2011 1111 2050 ANDR.SENFTLEBIVS
1128 2006 1166 2046 de
1171 2008 1244 2047 alea
1246 2009 1414 2049 veterum;
1437 2009 1630 2056 ANGELVS

683 2068 848 2093 ROCCHA
868 2058 907 2094 de
923 2059 1065 2094 alearum
1081 2056 1151 2106 ludo
1169 2063 1285 2100 vetito;
1316 2071 1370 2102 10.
1396 2080 1509 2104 BAPT.
1538 2068 1627 2096 CAC-

685 2126 889 2147 CIALVPVS
919 2111 959 2150 de
985 2108 1085 2160 ludo;
1126 2121 1248 2155 HENR.
1281 2124 1560 2155 KNAVSTINVS
1585 2099 1627 2151 de

682 2162 756 2203 ludo
783 2165 852 2201 aleæ
876 2166 913 2206 &
929 2168 1137 2208 chartarum,
1161 2166 1230 2203 &c.

732 2224 762 2265 §.
791 2220 838 2256 V.
889 2220 1067 2271 Quoniam
1079 2215 1253 2269 ſponſiones
1272 2233 1350 2259 cum
1369 2220 1456 2258 ludis
1479 2222 1629 2273 aliquam

676 2270 893 2314 adfinitatem
913 2272 1065 2315 habent,
1091 2272 1175 2313 hinc
1202 2283 1321 2312 earum
1341 2282 1485 2315 quoque
1513 2276 1548 2312 in
1566 2274 1586 2309 I.
1596 2280 1627 2314 3.

1551 2329 1631 2366 h.t.
