2300 2670
1416 467 1487 516 32

849 553 985 602 Absque
1004 557 1106 592 DEO
1122 558 1246 590 conaris
1265 569 1350 601 opus
1368 562 1534 602 pertexere
1553 553 1687 592 fruſtra:

903 613 995 646 Nam
1011 614 1093 657 perit
1110 612 1232 658 absque
1248 613 1351 649 DEO
1371 621 1498 659 cœptus
1518 611 1639 659 ubique
1659 613 1763 651 labor.

850 663 882 700 Si
901 665 990 712 cupis
1010 671 1157 711 optatam
1170 674 1294 699 metam
1309 664 1434 713 ſperare
1452 665 1621 703 laborum:

901 715 1070 754 Omnibus
1088 717 1120 753 in
1136 716 1245 753 ſtudiis
1264 719 1406 756 Numen
1425 719 1529 754 adeſſe
1545 719 1651 755 decet.

851 765 998 806 Præcipit
1013 765 1081 793 hæc
1103 763 1231 795 Medici
1243 761 1402 797 laudanda
1418 760 1601 809 inſcriptio,
1620 760 1769 801 docta**

898 818 995 850 Dum
1013 816 1101 862 cupit
1121 814 1268 851 infirmos
1286 825 1353 851 arte
1372 818 1475 852 levare
1488 815 1553 852 ſua.

851 866 1007 910 Cumque
1023 866 1228 900 metallorum
1245 865 1340 911 lupus
1355 863 1422 902 hæc
1440 866 1599 903 medicina
1615 875 1769 904 vocetur:

899 928 1050 969 Corpora
1072 934 1106 957 ne
1127 924 1248 954 laceret
1259 926 1433 953 morbida,
1454 919 1515 952 rite
1535 927 1627 952 cave.

848 967 961 1008 Paſtor
980 975 1059 1010 oves
1078 966 1183 1008 paſcet
1200 961 1442 1002 medicamine,
1456 972 1610 1012 proteget
1624 963 1716 1000 iſtas:

900 1020 951 1049 Ut
970 1022 1132 1059 nequeant
1147 1011 1240 1047 triſtis
1260 1015 1376 1049 mortis
1394 1013 1480 1048 adire
1498 1015 1594 1049 viam.

852 1066 1009 1101 Gratulor
1026 1074 1107 1112 ergo
1119 1063 1219 1106 Tibi,
1237 1064 1455 1107 Doctiſſime,
1474 1063 1575 1101 fauſta
1593 1076 1742 1112 precatus

903 1118 1029 1151 Omnia
1045 1116 1228 1161 perlætus;
1249 1113 1394 1161 gratulor
1413 1126 1492 1163 ergo
1516 1116 1611 1152 Patri.

976 1168 1105 1216 *Α&
1136 1170 1165 1192 Ω
1183 1161 1375 1205 conſpicitur
1394 1159 1426 1195 in
1444 1158 1562 1197 ſelecto
1584 1158 1746 1201 Themate
1765 1160 1857 1208 quod
1877 1160 2007 1199 exhibet
2019 1162 2066 1200 in-

1026 1218 1156 1261 ſcriptio
1175 1215 1216 1248 de
1229 1215 1434 1252 Antimonio.

979 1273 1094 1310 **Συν
1113 1267 1181 1323 Θεῷ

1350 1302 1467 1330 Exiguo
1482 1301 1540 1335 hoc
1555 1305 1690 1333 Carmine
1707 1303 1785 1332 ſuum
1797 1303 1892 1331 teſtari
1908 1299 2069 1339 applauſum

1408 1355 1447 1380 ex
1463 1353 1556 1377 animo
1577 1351 1683 1379 voluit,
1698 1345 1801 1373 debuit

1306 1397 1565 1442 JOHANNES
1578 1388 1845 1427 CUNRADUS
1855 1389 2055 1427 GMELIN,

1496 1443 1787 1491 Pharmacopœus.

855 1566 917 1644 S

917 1565 966 1603 Ic
966 1563 1068 1603 juvat
1068 1558 1282 1603 impendiſſe
1282 1556 1403 1603 horas
1403 1552 1623 1603 ſtudiumque
1623 1549 1787 1603 probare!

917 1603 1028 1661 Sic
1028 1603 1129 1661 juvat
1129 1603 1189 1657 &
1189 1603 1297 1656 libris
1297 1603 1423 1656 usque
1423 1603 1548 1648 vacare
1548 1603 1678 1647 ſuis!

851 1660 902 1690 Sic
916 1659 1004 1698 juvat
1026 1656 1063 1688 &
1078 1654 1219 1690 medicas
1237 1655 1377 1691 didiciſſe
1395 1655 1534 1693 fideliter
1558 1661 1664 1692 artes!

905 1711 938 1740 Si
953 1706 1095 1738 ſtudium
1112 1709 1239 1736 tantum
1254 1702 1387 1749 præmia
1402 1701 1499 1749 digna
1516 1702 1673 1738 probant.

854 1757 946 1800 Hinc
964 1755 1024 1797 tibi
1040 1751 1202 1792 magnifici
1227 1750 1371 1781 delatum
1388 1757 1508 1782 munus
1517 1738 1684 1787 honoris.

908 1809 1019 1844 Atque
1037 1800 1208 1834 coronabit
1225 1798 1387 1846 ſplendida
1395 1802 1490 1836 mitra
1504 1806 1612 1844 caput.

856 1852 973 1895 Pulcer
993 1852 1117 1890 honor,
1130 1854 1193 1883 qua
1211 1844 1325 1883 ſponſa
1340 1842 1397 1873 ſuo
1416 1835 1567 1875 devincta
1584 1835 1726 1883 marito,

910 1901 1093 1944 Laudatum
1105 1896 1265 1934 ſtudium,
1291 1895 1425 1939 præmia
1438 1895 1545 1936 lauta,
1567 1903 1710 1931 manent.

862 1947 980 1989 Quam
992 1948 1099 1980 bene,
1126 1950 1223 1986 quam
1237 1943 1368 1987 pulcre,
1395 1952 1470 1978 tunc
1494 1940 1590 1980 ſtabit
1609 1941 1708 1981 docta
1724 1941 1886 1995 voluptas.

914 1994 1098 2032 Plaudimus
1116 1996 1293 2037 optantes,
1317 1998 1355 2026 ut
1364 1989 1447 2027 bene
1471 1989 1583 2030 cuncta
1604 1990 1715 2033 fluant.

1362 2051 1468 2081 Hæcce
1488 2059 1575 2089 pauca
1589 2051 1770 2084 Nobiliſſimo
1788 2051 2075 2089 Præſtantiſſimoque

1413 2089 1541 2121 Domino
1557 2095 1717 2122 Licentiato
1732 2104 1858 2128 Patrono
1876 2095 1896 2118 &
1911 2089 2017 2118 fautori
2026 2086 2074 2117 ſuo

1419 2130 1611 2162 calendiſſimo
1635 2133 1665 2156 in
1688 2135 1859 2158 ulteriorem
1889 2126 2074 2158 commenda-

1413 2174 1524 2203 tionem
1533 2175 1679 2213 adponere
1693 2177 1784 2206 voluit
1794 2175 1905 2207 debuit.

1507 2234 1613 2282 JOH.
1635 2233 1855 2275 MICHAEL
1880 2233 2072 2281 SALZER.

1559 2280 1657 2317 Med.
1669 2278 1762 2316 Stud.
1779 2280 1891 2316 Bretta
1903 2279 2073 2319 Palatinus.
