2890 4314
711 539 750 577 2.
773 539 971 580 Euchariſtiæ.
1021 536 1087 572 Hic
1096 536 1234 568 Miniſter
1244 538 1388 574 Eccleſiæ
1400 536 1511 575 debet:

801 589 841 635 α)
848 587 898 623 Iis
898 587 935 624 &
945 598 1014 623 non
1024 590 1092 626 aliis
1099 592 1244 626 Symbolis
1248 595 1348 634 quam
1356 593 1450 636 panis
1463 594 1554 643 (ſive
1563 597 1690 646 azymus
1698 599 1754 638 ille
1771 603 1823 640 ſit,
1844 603 1929 644 ſive
1938 609 2173 648 fermentatus;

918 627 991 682 ſive
1000 635 1154 686 ſpisſioris
1161 640 1224 681 ſive
1230 640 1374 679 tenuioris
1386 640 1509 681 formæ,
1522 642 1590 681 ſive
1590 648 1621 682 in
1624 646 1696 688 ipſo
1701 650 1753 690 uſu
1757 654 1946 690 frangatur,
1961 656 2032 700 ſive
2036 663 2166 696 fractus

937 682 983 718 ad
986 685 1074 729 uſum
1083 695 1255 737 afferatur)
1259 702 1301 731 &
1307 691 1386 731 Vini
1405 694 1486 734 (ſive
1497 696 1571 732 albi
1572 698 1636 732 ſive
1644 700 1757 738 rubri;
1774 704 1851 740 ſive
1855 719 1988 748 meraci,
1998 710 2071 748 ſive
2071 717 2167 750 aqua

924 737 1048 796 diluti.)
1072 743 1117 789 uti

796 777 843 835 β)
860 786 1027 823 Materiam
1037 788 1125 823 iſtam
1142 790 1165 825 &
1179 786 1331 838 Symbola
1342 790 1382 827 de
1396 790 1425 827 ſe
1441 794 1643 835 communia,
1658 795 1741 840 juxta
1763 792 1943 845 exemplum
1963 806 2097 844 Chriſti,
2118 820 2166 850 ad

880 839 1159 888 uſurpationem
1156 841 1282 886 ſacram
1289 842 1466 892 reſtringere
1476 846 1508 880 &
1522 846 1748 893 Conſecratione
1757 851 1956 887 ſanctiſicare.

801 884 845 945 γ)
861 893 955 926 Ritus
966 891 1007 928 &
1018 897 1232 930 Ceremonias,
1249 897 1318 938 ſive
1328 895 1490 934 ſalutarem
1499 907 1755 940 præparationem
1769 916 2008 955 concernentes,
2023 911 2094 953 ſive
2105 915 2171 953 di-

915 943 1080 991 gnitatem,
1095 954 1150 981 aut
1147 943 1255 992 ſinem,
1264 949 1297 984 &
1304 943 1441 997 effectum
1449 951 1538 998 hujus
1546 954 1752 993 Sacramenti,
1775 964 1887 998 animis
1894 975 2046 1001 utentium
2056 969 2164 1007 repræ-

921 994 1071 1034 ſentantes
1090 992 1245 1032 retinere,
1273 1007 1341 1040 quæ
1351 999 1384 1037 in
1393 1008 1516 1041 quaque
1527 1009 1661 1040 Eccleſia
1670 1007 1798 1048 receptæ
1807 1006 1895 1041 ſunt,
1915 1028 1975 1050 nec
1988 1030 2101 1047 temere
2114 1015 2163 1064 in-

910 1050 1103 1087 termittere.

796 1086 837 1141 δ)
854 1090 1009 1132 Cœleſtes
1018 1095 1090 1140 iſtas
1098 1098 1205 1132 Cœnæ
1213 1097 1392 1135 Dominicæ
1399 1098 1493 1148 dapes
1505 1103 1662 1149 impertire
1685 1123 1743 1144 nec
1753 1108 1948 1152 Infantibus,
1972 1125 2025 1152 nec
2032 1117 2163 1153 enormi-

923 1145 980 1180 bus
995 1147 1026 1183 &
1034 1147 1213 1197 facinoroſis
1230 1151 1446 1201 peccatoribus,
1464 1161 1609 1197 nondum
1624 1159 1783 1201 manifeſta
1789 1160 1966 1203 pænitentiæ
1972 1165 2061 1205 ſigna
2076 1181 2160 1208 eden-

899 1194 1010 1242 tibus,
1029 1207 1078 1235 nec
1078 1197 1261 1248 Infidelibus
1273 1213 1327 1238 aut
1336 1212 1502 1246 Hæreticis.

794 1253 840 1292 ε)
850 1240 987 1292 Cavere,
993 1253 1033 1292 ne
1041 1249 1071 1293 S.
1076 1249 1145 1290 hæc
1152 1249 1240 1290 actio
1247 1253 1282 1295 in
1279 1261 1360 1296 fines
1368 1264 1387 1301 a
1394 1256 1501 1296 mente
1511 1269 1625 1299 Chriſti
1640 1257 1758 1303 alienos
1773 1259 1916 1310 dirigatur
1926 1274 1957 1312 v.
1964 1274 1996 1324 g.
2004 1266 2162 1319 probatio-

863 1303 990 1341 nem
990 1301 1189 1346 innocentiæ
1204 1304 1413 1343 munitionem
1422 1306 1569 1350 adverſus
1572 1311 1709 1352 pericula
1718 1317 1831 1355 bellica,
1844 1324 2094 1357 recuperationem
2104 1322 2163 1368 ſa-

903 1357 1024 1394 nitatis
1047 1349 1258 1403 corporalis.

637 1411 678 1443 C.
687 1403 822 1444 Poteſtas
834 1411 1002 1449 Clavium,
1020 1418 1130 1446 tradita
1138 1421 1253 1452 Matth.
1257 1410 1341 1451 XVI,
1357 1415 1401 1457 19.
1424 1421 1494 1459 Joh.
1510 1424 1581 1457 XX,
1590 1423 1636 1458 23.
1684 1425 1782 1463 Cujus
1789 1430 1874 1457 actus
1883 1422 1949 1465 duo
1958 1423 2044 1469 ſunt:

720 1464 742 1493 I.
754 1455 909 1502 Abſolutio
924 1458 976 1505 per
989 1469 1106 1503 Clavem
1124 1461 1317 1501 ſolventem,
1335 1474 1402 1509 quæ
1412 1468 1603 1513 diſtingvitur
1611 1482 1644 1507 in

793 1510 832 1560 α)
846 1510 1027 1552 Privatam,
1051 1514 1181 1561 quando
1187 1513 1311 1563 ſingulis
1323 1516 1384 1561 ſive
1391 1522 1417 1558 in
1425 1518 1544 1567 genere
1551 1528 1675 1568 peccata
1682 1520 1924 1565 confitentibus,
1949 1524 2009 1561 ſive
2017 1528 2049 1561 in
2057 1526 2157 1576 ſpecie

889 1562 1013 1614 aliqua
1027 1561 1269 1619 recenſentibus,
1286 1568 1383 1618 paulo
1395 1581 1468 1607 ante
1477 1570 1567 1607 uſum
1581 1574 1611 1607 S.
1619 1574 1759 1620 Synaxos
1773 1576 1923 1613 Remisſio
1933 1581 2153 1629 peccatorum,

900 1620 981 1659 tum
990 1622 1141 1657 notorum
1158 1634 1226 1660 tum
1238 1621 1437 1660 occultorum
1449 1623 1665 1666 annunciatur.

905 1659 998 1700 ***
1007 1661 1151 1718 Confesſio
1170 1671 1346 1720 auricularis
1366 1668 1606 1720 (abſolutionem
1619 1676 1789 1723 privatam
1802 1677 2017 1724 antecedens,)
2046 1679 2083 1726 eſt
2106 1692 2158 1716 ne-

968 1717 1089 1769 ceſſaria
1100 1736 1162 1759 non
1158 1722 1351 1774 ſimpliciter,
1366 1726 1428 1773 ſed
1429 1727 1599 1776 ſecundum
1609 1728 1704 1778 quid,
1728 1740 1796 1766 tum
1814 1742 1940 1780 propter
1952 1734 2153 1774 obedientiam

968 1769 1095 1813 Eccleſiæ
1103 1772 1291 1817 particulari
1303 1774 1469 1824 debitam,
1484 1792 1552 1816 tum
1558 1784 1594 1816 ob
1603 1793 1705 1821 varias
1722 1790 1869 1820 utilitates
1885 1794 1921 1824 ex
1926 1795 2019 1826 parte
2035 1789 2083 1829 vel
2098 1802 2156 1830 Ec-

956 1817 1063 1867 cleſiæ,
1074 1822 1129 1856 vel
1130 1823 1348 1871 Miniſtrorum
1359 1831 1459 1870 Verbi,
1464 1834 1519 1867 vel
1524 1840 1723 1873 Auditorum.

894 1862 962 1912 †††
962 1869 1032 1914 Hæc
1037 1873 1119 1910 nullo
1126 1873 1218 1914 modo
1221 1874 1270 1916 dd
1274 1876 1536 1924 contradictionem
1553 1881 1791 1929 Adverſariorum
1798 1884 1832 1925 in
1839 1886 1911 1935 caſu
1918 1886 2107 1938 confesſionis
2115 1889 2156 1941 eſt

954 1917 1183 1973 abroganda.

894 1975 989 2004 ****
1004 1973 1119 2012 Eadem
1126 1985 1187 2009 non
1194 1973 1281 2013 debet
1291 1975 1343 2023 eſſe
1358 1975 1532 2026 carniſicina
1542 1981 1810 2028 Conſcientiarum.

789 2011 830 2061 b)
837 2005 1027 2057 Publicam,
1035 2019 1175 2068 quando
1182 2027 1222 2068 in
1222 2028 1355 2070 publico
1364 2031 1505 2079 Eccleſiæ
1520 2044 1603 2076 cœtu
1617 2036 1767 2073 omnibus
1782 2046 1855 2079 vere
1869 2038 2092 2077 pœnitentibus
2118 2039 2157 2081 &

894 2071 1102 2116 credentibus,
1116 2084 1273 2125 præeunte
1280 2091 1350 2124 viva
1361 2097 1434 2126 voce
1445 2086 1578 2132 Miniſtri
1587 2092 1738 2131 Eccleſiæ,
1751 2095 1959 2129 annunciatur
1968 2107 2006 2131 ex
2009 2092 2151 2135 Evange-

894 2122 940 2173 lio
949 2123 1088 2165 remisſio
1096 2136 1310 2179 peccatorum.

886 2165 972 2223 ††††
991 2167 1113 2230 Miniſtri
1127 2178 1243 2232 Eccleſiæ
1252 2190 1407 2226 remittunt
1417 2193 1545 2230 peccata
1555 2206 1615 2229 non
1615 2184 1717 2231 ſolum
1735 2187 1897 2235 ίϲοϱιϰῶς,
1909 2193 1977 2235 ſed
1989 2193 2019 2239 &
2048 2190 2150 2241 ὀϱγα-

961 2226 1065 2273 νιϰῶς,
1089 2223 1202 2283 influxu
1216 2230 1409 2286 miniſteriali
1414 2236 1497 2287 reali,
1503 2239 1674 2290 nullatenus
1684 2238 1870 2289 ἀυτεξϫσία
1872 2245 2029 2286 judiciali.

700 2289 740 2317 2.
753 2277 1036 2326 Excommunicatio
1046 2286 1103 2339 per
1112 2282 1245 2342 Clavem
1249 2290 1432 2345 ligantem,
1459 2304 1537 2342 Hæc
1541 2298 1593 2350 eſt
1600 2300 1650 2343 vel

787 2333 826 2386 a)
835 2332 984 2392 Privata,
1009 2340 1072 2391 ſive
1087 2339 1289 2398 Particularis,
1300 2353 1390 2387 unius
1402 2348 1457 2399 aut
1457 2348 1585 2402 alterius
1593 2355 1762 2395 Peccatoris
1771 2355 1805 2389 in
1815 2349 1926 2402 ſpecie.
1974 2355 2026 2407 Ac
2026 2357 2153 2406 ratione

877 2393 1045 2440 graduum
1026 2391 1209 2440 dividitur
1207 2398 1282 2436 in

873 2444 918 2477 a)
930 2444 1106 2489 Minorem,
1114 2448 1253 2487 quando
1254 2454 1371 2490 Homo
1378 2448 1555 2493 flagitioſus
1565 2448 1587 2492 &
1603 2450 1813 2491 impœnitens,
1833 2450 1901 2496 poſt
1913 2447 2025 2491 ſpretas
2041 2456 2155 2505 fideles

978 2490 1237 2541 admonitiones,
1257 2501 1320 2539 tam
1333 2502 1399 2538 diu
1399 2506 1441 2539 ab
1456 2503 1512 2540 uſu
1519 2501 1549 2539 S.
1566 2505 1675 2540 Cœnæ
1690 2514 1807 2541 arcetur
1820 2506 1963 2552 (indicio
1973 2512 2040 2555 ejus
2058 2510 2149 2547 ſive.

980 2541 1079 2584 domi
1083 2538 1143 2594 ſive
1148 2541 1278 2600 publice
1285 2542 1395 2598 facto)
1405 2551 1509 2589 donec
1515 2551 1631 2603 flagitia
1639 2554 1689 2591 ſua
1697 2554 1843 2607 agnoſcat
1855 2558 1889 2592 &
1900 2558 1981 2596 ſeriæ
1991 2562 2150 2609 pœniten-

959 2607 1034 2634 tiæ
1049 2593 1132 2650 ſigna
1138 2597 1236 2640 edat.

870 2636 914 2688 β)
914 2636 1107 2693 Majorem,
1138 2653 1268 2693 quando
1272 2653 1476 2701 impœnitens
1482 2655 1522 2688 &
1526 2653 1706 2704 præfractus
1712 2656 1874 2705 peccator,
1902 2654 2031 2715 publica
2042 2667 2147 2703 totius

972 2690 1108 2743 alicujus
1120 2692 1308 2752 particularis
1315 2697 1459 2737 Eccleſiæ
1462 2695 1628 2746 ſententia,
1647 2723 1714 2750 non
1724 2711 1825 2746 ſolum
1839 2715 1861 2757 a
1882 2718 2143 2757 communione.

980 2739 1171 2788 Sacramenti
1178 2745 1397 2791 Eucharaſtiæ,
1415 2758 1466 2792 ſed
1474 2765 1568 2797 etiam
1586 2766 1604 2796 a
1621 2769 1781 2803 conſortio
1794 2765 1948 2805 fidelium,
1975 2778 2149 2809 tanquam.

971 2793 1161 2838 membrum
1168 2797 1330 2849 putridum
1336 2803 1522 2851 ſegregatur,
1529 2807 1564 2851 &
1573 2815 1757 2848 denunciata
1769 2810 1813 2849 ira
1824 2823 1942 2858 divina,
1949 2818 2067 2855 Satanæ
2085 2826 2145 2857 tra-

980 2847 1080 2892 ditur,
1100 2861 1135 2887 ut
1141 2850 1244 2901 agnita
1252 2849 1453 2905 improbitate
1462 2854 1507 2893 ſua
1518 2857 1688 2909 reſipiſcat,
1716 2861 1736 2895 &
1750 2863 1879 2912 Spiritus
1888 2866 1987 2911 ſalvus
1994 2865 2034 2917 ſit
2041 2868 2075 2901 in
2091 2868 2142 2904 die

979 2904 1114 2943 Domini
1126 2908 1229 2953 noſtri
1229 2908 1260 2954 J.
1268 2905 1309 2946 C.
1327 2923 1349 2947 1.
1357 2912 1434 2948 Cor.
1444 2910 1482 2952 V,
1492 2924 1516 2957 5.
1523 2908 1606 2959 ſeqq.

921 2944 944 2973 *
954 2944 990 2987 Si
997 2945 1057 2988 hæc
1062 2949 1346 3001 Excommunicatio
1346 2958 1438 3005 certis
1443 2959 1629 3011 quibusdam
1637 2960 1819 3007 ceremoniis,
1827 2971 1936 3007 coram
1934 2961 2032 3011 totius
2041 2965 2141 3015 Eccle-

1012 3004 1062 3050 ſiæ
1062 3004 1149 3051 facie
1148 3008 1320 3054 peragitur,
1331 3007 1475 3047 Solennis
1491 3010 1673 3059 appellatur.

914 3041 933 3100 †
954 3051 1063 3089 Trahit
1073 3052 1168 3087 etiam
1172 3051 1340 3105 aliquando
1345 3059 1410 3103 poſt
1421 3059 1452 3108 ſe
1446 3067 1567 3106 pœnam
1575 3062 1698 3099 civilem,
1709 3068 1813 3106 utpote
1816 3059 2029 3109 ſuſpenſionem
2035 3075 2078 3109 ab
2090 3066 2139 3116 of-

1018 3098 1102 3148 ficio,
1112 3102 1304 3150 excluſionem
1309 3108 1350 3141 ab
1358 3117 1442 3149 omni
1447 3119 1653 3151 communione
1660 3121 1749 3155 civili.
1767 3121 1830 3157 &c.

783 3135 819 3187 b)
832 3147 957 3184 Publica
963 3149 993 3194 &
1002 3149 1164 3193 generalis,
1173 3154 1300 3192 quando
1307 3158 1457 3204 omnibus
1467 3160 1631 3205 incredulis
1638 3162 1673 3200 &
1685 3163 1791 3201 impiis
1803 3175 1842 3208 ex
1854 3171 1924 3209 lege
1937 3167 1998 3215 Dei
2018 3167 2139 3218 denun-

880 3201 978 3238 ciatur
985 3205 1116 3242 retentio
1123 3212 1325 3256 peccatorum
1334 3208 1367 3242 &
1377 3210 1422 3242 ira
1429 3218 1465 3249 ac
1473 3219 1567 3258 pœna
1573 3218 1699 3254 Divina.
