2511 3066
892 733 948 782 45

281 746 502 800 ſubſumemus
513 770 582 812 jam,
592 771 742 810 diabolum
762 782 820 813 eſſe
828 784 992 832 ſpiritum,
1003 797 1092 832 quod
1103 799 1140 827 ab
1152 804 1396 838 Adverſantibus
1407 823 1473 842 non
1484 817 1543 844 ne-

277 825 383 865 gatur,
380 827 521 873 eumque
533 832 637 870 multo
646 832 899 895 ingenioſiorem
907 845 944 884 &
955 849 1143 905 ſagaciorem
1152 857 1211 895 iſto
1222 865 1337 901 mundi
1343 866 1454 919 ſpiritu
1466 875 1538 910 uni-

277 864 393 904 verſali.
443 873 515 907 Nec
522 875 619 913 locum
633 883 719 918 habet
734 894 884 937 exceptio,
902 898 1046 944 ſpiritum
1063 908 1171 936 mundi
1188 912 1386 952 univerſalem
1400 924 1535 966 operari,

274 915 466 965 condenſare,
483 927 517 962 &
528 927 673 973 formam
689 948 819 985 materiæ
834 944 947 994 largiri
954 952 1047 997 poſſe,
1065 965 1124 1000 non
1142 975 1201 1002 vero
1230 968 1384 1009 diabolum.
1433 979 1539 1008 Nam

264 962 400 1008 diabolus
419 981 463 1020 eſſe
479 993 652 1020 conceditur
667 1002 808 1034 princeps
835 1000 912 1034 aëris,
939 1008 973 1043 &
985 1014 1041 1050 qui
1057 1012 1218 1056 imperium
1236 1015 1325 1059 habet
1339 1026 1371 1058 in
1390 1026 1531 1068 ſpiritum

265 1020 370 1059 mundi
378 1038 575 1073 corruptum,
585 1062 674 1081 inque
677 1057 772 1085 ipſum
785 1062 902 1095 operari
904 1062 1005 1100 poteſt.
1057 1062 1144 1095 Hinc
1150 1072 1272 1111 major,
1285 1067 1332 1103 vel
1339 1080 1416 1107 certe
1423 1075 1528 1112 eadem

266 1062 388 1117 diabolo,
388 1084 482 1122 quam
483 1084 609 1129 ſpiritui
617 1091 736 1134 mundi,
736 1094 880 1141 operandi
881 1101 1026 1147 potentia,
1039 1106 1072 1139 &
1071 1107 1214 1153 formam
1224 1124 1355 1162 materiæ
1375 1121 1525 1169 largiendi

265 1121 315 1156 vis
323 1127 505 1168 concedenda
516 1133 564 1180 eſt.
590 1137 639 1173 Ac
648 1144 784 1193 proinde
792 1154 830 1180 ex
839 1147 996 1188 concesſis
1006 1158 1251 1206 concludamus,
1259 1166 1426 1209 diabolum
1434 1175 1521 1226 poſſe

260 1177 422 1218 materiam
436 1189 572 1238 movere,
584 1194 761 1246 expandere,
772 1197 931 1243 dividere,
939 1210 1163 1260 comprimere,
1172 1217 1341 1260 attrahere,
1350 1225 1443 1272 eique
1451 1229 1519 1266 for-

258 1237 343 1267 mam
356 1232 475 1286 largiri,
485 1238 550 1281 &c.
574 1246 631 1290 qui
642 1245 727 1286 iſtud
734 1249 833 1290 facere
847 1252 960 1307 poteſt,
973 1259 1056 1306 facili
1073 1268 1211 1316 negotio
1227 1282 1345 1322 corpus
1362 1277 1517 1321 aſſumere

255 1274 388 1326 valebit;
414 1294 487 1320 nam
498 1298 619 1339 corpus
627 1296 778 1335 aſſumere
786 1301 866 1341 nihil
876 1303 959 1342 aliud
971 1305 1034 1349 eſt,
1043 1321 1137 1357 quam
1148 1320 1309 1357 materiam
1325 1328 1514 1377 expandere,

251 1336 480 1391 comprimere,
483 1345 650 1392 attrahere,
660 1353 689 1387 ei
696 1352 836 1395 formam
843 1356 977 1409 aliquam
986 1362 1107 1417 largiri,
1115 1368 1180 1411 &c.
1221 1374 1294 1428 Qui
1303 1388 1382 1417 vero
1392 1392 1511 1434 corpus

249 1372 397 1419 aſſumere
408 1396 526 1438 porens
542 1396 608 1433 eſt,
631 1404 740 1435 multo
748 1404 869 1440 facilius
883 1417 1004 1457 partem
1020 1417 1182 1463 corporis,
1200 1430 1250 1454 uti
1261 1435 1375 1473 caput,
1401 1439 1510 1479 ungu-

246 1425 308 1467 lam
317 1431 385 1476 &c.
409 1441 563 1480 aſſumere
573 1453 698 1498 poteſt,
708 1465 762 1487 aut
771 1459 893 1493 umbris
904 1461 1100 1503 condenſatis
1109 1465 1260 1508 homines
1268 1484 1401 1520 terrere,
1410 1484 1502 1529 quod

242 1494 303 1524 nos
309 1488 428 1544 ſpectra
437 1500 643 1554 appellamus.

336 1570 367 1606 §.
394 1571 429 1615 38.
468 1571 571 1615 Porro
571 1576 737 1622 adductus
737 1583 790 1626 eſt
794 1591 888 1624 locus
895 1597 970 1633 Viri
981 1597 1182 1649 Celeberrimi
1182 1601 1218 1650 p.
1228 1609 1308 1651 73.§.
1323 1609 1417 1657 19.in
1428 1624 1491 1660 quo

236 1601 357 1664 ſtatuit,
372 1624 499 1671 homines
516 1626 548 1658 in
556 1624 637 1664 ſtatu
647 1629 852 1675 beſtialitatis,
863 1646 902 1671 ut
912 1639 976 1687 ipſe
983 1644 1128 1695 appellat,
1139 1649 1330 1692 conſtitutos
1340 1658 1421 1698 adeo
1429 1661 1478 1703 dia

234 1654 302 1696 boli
310 1662 447 1717 Imperio
457 1673 515 1708 eſſe
522 1676 695 1732 ſubjectos,
704 1692 735 1732 ut
744 1686 840 1720 etiam
853 1689 927 1722 citra
935 1694 1138 1733 contractum
1146 1709 1199 1736 aut
1207 1701 1336 1754 pactum
1343 1707 1416 1759 ipſis
1427 1712 1490 1749 im-

231 1722 332 1762 peret,
341 1732 462 1772 eosque
471 1728 540 1779 ipſo
550 1730 681 1773 diabolo
696 1739 827 1778 evadere
840 1747 1024 1794 nequiores.
1074 1751 1182 1803 Quod
1199 1768 1379 1811 quanquam
1394 1768 1491 1816 expli-

228 1765 286 1801 cari
297 1768 395 1819 posſit
404 1776 445 1812 de
454 1779 589 1830 Imperio
600 1785 636 1834 in
643 1784 785 1839 ipſorum
796 1793 923 1833 animas,
939 1794 993 1833 hoc
1006 1798 1071 1847 ipſo
1080 1815 1185 1842 tamen
1200 1811 1366 1855 conceſſo,
1381 1817 1491 1856 conſe-

230 1815 336 1860 quitur
344 1825 451 1867 etiam,
470 1830 637 1870 diabolum
652 1842 686 1871 in
705 1847 840 1889 corpora
853 1849 977 1892 operari
992 1851 1089 1896 poſſe.
1139 1856 1298 1901 Namque
1297 1857 1328 1908 ſi
1340 1866 1491 1907 diabolus

227 1859 260 1893 in
268 1865 496 1922 improborum
506 1885 630 1929 animos
640 1887 734 1921 habet
744 1890 935 1936 Imperium,
946 1903 986 1928 ut
993 1896 1099 1936 eidem
1109 1900 1239 1941 obedire
1253 1905 1430 1960 cogantur,
1446 1914 1487 1952 ad

226 1917 313 1957 quod
322 1916 407 1971 ipſos
414 1932 623 1981 inſtigaverit,
632 1938 722 1972 ſacile
730 1949 847 1975 eorum
854 1944 965 1981 animis
976 1950 1157 2001 imperabit,
1167 1964 1204 1990 ut
1218 1961 1343 1997 animus
1350 1962 1484 2010 harum,

225 1969 292 2006 quas
305 1973 371 2018 ipſe
389 1989 534 2028 nominat,
551 1987 711 2035 beſtiarum
728 1999 880 2040 operetur
895 1996 929 2029 in
944 2006 1063 2046 corpus
1078 2013 1133 2038 aut
1148 2009 1323 2047 materiam.
1374 2015 1483 2067 Cujus

222 2020 321 2057 tamen
332 2035 526 2080 operationis
539 2039 622 2072 cauſa
634 2039 669 2074 &
678 2043 845 2095 primatius
855 2045 930 2084 fons
941 2045 985 2097 eſt
992 2051 1057 2103 ipſe
1064 2055 1230 2104 diabolus,
1247 2075 1325 2102 cum
1342 2066 1402 2107 iſto
1413 2083 1479 2111 tan-

220 2070 289 2113 tum
298 2076 500 2123 diſcrimine,
509 2101 548 2117 ut
555 2094 697 2137 operatio
708 2092 775 2128 hæc
784 2095 818 2128 in
825 2105 961 2147 corpora
968 2104 1102 2142 mediate
1115 2106 1219 2146 ſaltem
1228 2116 1392 2168 procedat.
1411 2124 1479 2162 Re-

219 2113 265 2154 cte
279 2133 349 2162 vero
360 2139 485 2181 operari
494 2145 609 2172 dicitur
618 2146 652 2177 in
658 2144 792 2189 aliquam
803 2151 988 2195 materiam,
1004 2166 1073 2191 rem
1082 2157 1116 2194 &
1124 2169 1242 2211 corpus
1253 2167 1349 2204 etiam
1358 2171 1405 2212 is,
1420 2174 1477 2220 qui

217 2175 351 2217 mediate
360 2194 583 2240 operationem
593 2199 724 2244 peragit,
734 2200 783 2235 uti
792 2198 880 2239 faber
888 2204 1063 2258 lignarius,
1072 2211 1203 2262 lignum
1214 2218 1347 2270 aliquod
1352 2225 1473 2268 ſecans,

214 2223 295 2265 recte
304 2233 420 2272 dicitur
431 2249 554 2290 operari
567 2249 600 2278 in
611 2251 712 2289 illud,
725 2252 876 2299 quoniam
890 2256 1101 2309 principaliter
1118 2265 1199 2305 actio
1219 2269 1255 2307 ab
1273 2273 1343 2323 ipſo
1359 2288 1474 2326 proce-

217 2277 276 2328 dit,
296 2281 367 2318 licet
378 2293 462 2324 illud
478 2299 638 2332 mediante
656 2302 735 2334 ſerra
752 2310 806 2336 aut
824 2298 920 2341 ſecuri
932 2302 1026 2357 fiat.
1045 2312 1153 2362 Itaque
1170 2315 1316 2360 diabolus
1332 2326 1470 2365 mediate

208 2327 383 2376 operabitur
390 2346 424 2373 in
430 2355 548 2393 corpus
558 2361 611 2380 aut
622 2362 744 2399 partem
753 2356 916 2405 corporis,
930 2357 966 2395 &
981 2358 1006 2398 ſi
1021 2375 1170 2417 operatur
1187 2371 1220 2405 in
1231 2384 1367 2425 corpus,
1389 2376 1468 2417 effe-

209 2372 278 2415 ctus
289 2387 424 2426 viſibiles
450 2397 465 2427 &
482 2403 510 2428 in
525 2399 628 2433 ſenſus
638 2407 832 2441 incurrentes
843 2405 1010 2457 producet.
1065 2414 1271 2470 Quapropter
1292 2423 1329 2462 &
1346 2437 1466 2476 corpo-

204 2426 275 2465 rales
291 2435 404 2475 diaboli
421 2462 636 2489 operationes,
653 2455 864 2502 apparitiones
883 2456 920 2493 &
938 2461 1139 2517 ſpectrorum
1155 2472 1327 2514 exiſtentiæ
1337 2489 1376 2513 ex
1384 2491 1463 2526 pro-

201 2481 274 2524 priis
282 2486 423 2530 Præſidis
432 2500 640 2540 Celeberrimi
651 2507 686 2541 &
697 2505 851 2548 Auctoris
859 2509 1019 2555 Theſium
1036 2521 1078 2558 de
1084 2525 1231 2565 Crimine
1248 2530 1364 2579 Magiæ
1373 2545 1388 2567 a
1397 2545 1458 2571 no-

201 2521 245 2560 bis
253 2531 475 2578 demonſtratæ
485 2551 582 2588 ſunt;
605 2559 653 2585 uti
664 2556 732 2587 ſatis
741 2554 904 2605 perſpicue
914 2568 952 2594 ex
962 2562 1092 2604 duobus
1103 2571 1353 2625 præcedentibus
1353 2578 1395 2627 §.
1403 2582 1457 2622 36.

202 2583 251 2626 37.
271 2588 414 2632 adductis
425 2609 627 2651 argumentis
635 2606 774 2657 intelligi
781 2610 900 2657 poteſt.
943 2610 1058 2671 Tertio
1076 2621 1177 2678 enim,
1195 2631 1350 2675 quoniam
1370 2645 1451 2682 ope-

1495 1623 1598 1655 tertium
1610 1630 1667 1658 obi-

1495 1660 1534 1680 ter
1540 1654 1647 1686 adduci-

1494 1692 1545 1716 tur.

865 2672 903 2711 F
903 2672 939 2711 3

1350 2688 1453 2724 ratio-
