3033 4360
250 1858 291 1902 1.

259 2164 292 2190 2.

253 2368 297 2429 3.

259 2654 297 2708 4.

250 2882 301 2924 5.

255 2984 296 3019 6.

234 3171 291 3241 7.

225 3514 288 3552 8.

235 3806 277 3837 9.

400 504 496 552 DE
527 504 847 560 OBLIGAT.
889 504 1072 569 QVÆ
1108 512 1203 561 EX
1228 513 1533 564 DELICTO
1563 515 1746 566 NASC.
1771 527 1806 576 §.
1820 520 1968 578 17.18.

2008 530 2116 583 727

336 599 401 643 rei
421 602 592 643 nomine
613 599 787 659 depoſiti
811 616 898 648 non
925 613 1113 649 tenetur,
1131 620 1197 647 nec

342 659 379 699 ob
397 658 437 699 id
462 662 537 712 ejus
554 660 719 714 intereſt,
752 677 829 704 rem
838 664 985 717 ſalvam
1002 667 1086 720 eſſe,
1098 665 1197 715 furti

339 734 465 778 agere
492 736 577 767 non
604 726 761 783 poteſt,
782 730 850 773 ſed
863 729 965 773 furti
980 733 1086 776 actio
1112 734 1197 776 Do-

339 785 458 825 mino
474 785 687 841 competit.

596 904 955 941 ANNOTATIONES.

337 984 365 1018 1.
375 976 603 1031 Depoſitarius
622 978 738 1031 caſum
748 979 815 1032 ſeu
829 984 1028 1035 periculum
1049 982 1197 1035 cuſtodiæ

456 1050 523 1077 non
529 1038 680 1091 præſtat.

337 1105 369 1130 2.
378 1091 501 1145 Judex
528 1107 577 1133 an
591 1104 760 1138 teneatnr
794 1094 837 1135 de
860 1102 1012 1152 pecunia
1025 1097 1193 1151 depoſita,

461 1170 541 1196 cum
554 1157 633 1208 ſine
636 1157 698 1210 ſuo
709 1159 814 1214 facto
831 1175 854 1199 a
865 1164 1061 1215 potentiore
1073 1162 1194 1205 ablata

396 1216 595 1270 fueris?
619 1233 645 1259 n.
677 1227 707 1264 6.

330 1281 365 1316 3.
379 1270 584 1323 Depoſitario
596 1274 687 1314 actio
692 1275 796 1330 furti
811 1289 879 1317 non
889 1276 1007 1316 datur.

336 1341 376 1375 4.
387 1335 529 1370 Furtum
543 1344 592 1370 an
612 1335 708 1373 inter
724 1333 821 1386 caſus
834 1335 1009 1388 fortuitos
1033 1335 1193 1391 referen-

457 1386 569 1437 dum?
597 1408 628 1434 n
643 1403 664 1439 8

331 1440 368 1492 7.
381 1442 552 1499 Officiales
573 1459 715 1487 annonæ
724 1462 773 1486 an
781 1448 834 1487 ad
848 1452 1099 1505 reſtitutionem
1102 1451 1192 1506 fru-

428 1511 585 1557 menti,
616 1512 707 1567 quod
718 1511 864 1566 deficit,
900 1514 944 1558 &
955 1527 1021 1569 per
1045 1518 1193 1570 furtum

440 1561 664 1614 ſubtractum
682 1562 989 1620 eſt,teneantur?

326 1638 363 1670 9.
377 1625 441 1667 Ubi
449 1631 543 1669 nulla
551 1641 640 1669 nata
649 1631 698 1680 eſt
710 1632 801 1672 actio
815 1635 969 1684 Civilis,
988 1632 1038 1672 ibi
1044 1647 1112 1675 nec
1121 1637 1191 1675 cri-

450 1690 592 1728 minalis
604 1688 694 1736 Fiſco
705 1695 912 1742 competit.

360 1757 425 1799 Is,
439 1757 524 1803 apud
534 1757 650 1805 quem)
698 1761 755 1796 Ex
768 1757 926 1809 Ulpiano
940 1759 979 1799 in
992 1761 1013 1799 l.
1026 1771 1075 1807 14.
1089 1761 1152 1810 §.3.
1159 1761 1194 1810 ff.

325 1807 364 1843 de
379 1810 466 1854 furt.

374 1853 545 1900 Cuſtodiam
556 1868 615 1890 non
629 1854 762 1904 præſtat)
787 1858 824 1893 id
834 1859 903 1906 eſt,
928 1857 1046 1897 caſum
1069 1860 1185 1901 fortu-

328 1897 423 1945 itum
436 1906 498 1946 ſeu
520 1901 721 1957 periculum
749 1907 924 1950 cuſtodiæ.
992 1909 1069 1961 Ipſe
1085 1915 1185 1952 enim

324 1965 470 1998 tantum
486 1959 531 1995 de
551 1962 639 1999 dolo
657 1964 693 2002 &
716 1963 785 2000 lata
800 1965 904 2012 culpa
924 1971 1078 2003 tenetur.
1106 1970 1131 2001 §.
1156 1978 1182 2009 3.

324 2006 363 2049 J.
378 2004 463 2049 quib.
475 2000 547 2036 mod
567 2015 599 2037 re
612 2014 704 2041 contr.
718 2001 805 2053 oblig.
822 2008 844 2042 l.
853 2005 937 2051 23,ff.
951 2008 1033 2043 de
999 2008 1034 2059 R.
1039 2009 1079 2057 J.
1104 1999 1183 2046 non

323 2066 411 2093 vero
425 2054 472 2093 de
486 2055 568 2095 caſu
579 2055 743 2095 fortuito.
772 2058 804 2096 d.
820 2057 848 2103 §.
864 2059 886 2103 3.
903 2059 942 2106 J.
958 2060 1041 2105 quib.
1054 2062 1134 2100 mod.
1153 2077 1186 2098 re

326 2113 423 2140 contr.
438 2103 493 2141 obl.
520 2104 711 2142 Bertazzol.
737 2097 794 2145 in
814 2106 920 2151 Crim.
939 2107 1026 2148 Conſ.
1043 2114 1071 2146 8.
1097 2121 1128 2143 n.
1156 2115 1186 2147 8.

324 2151 507 2205 Adeoque
529 2152 645 2202 Judex
660 2153 705 2191 de
727 2147 881 2206 pecunia
892 2156 932 2194 in
956 2148 1097 2206 judicio
1121 2159 1185 2198 de-

323 2205 438 2250 poſita
456 2214 534 2242 non
549 2211 718 2247 tenetur,
745 2198 828 2248 cum
846 2207 920 2246 ſine
944 2209 1008 2247 ſuo
1024 2206 1121 2247 facto
1137 2209 1181 2248 ab

323 2257 396 2296 alio
412 2260 473 2298 iſta
486 2258 558 2298 fuit
574 2257 705 2304 ablata,
719 2260 778 2299 cui
794 2255 943 2301 reſiſtere
956 2272 1034 2300 non
1048 2261 1180 2312 potuit.

323 2300 424 2350 Mev.
446 2322 529 2360 part.
539 2320 567 2353 8.
587 2315 661 2348 Dec.
673 2312 744 2357 164.

369 2359 479 2405 Siquid
493 2362 551 2411 ipſe
567 2360 631 2393 dolo
646 2360 752 2405 malo)
774 2356 942 2412 adeoque
950 2352 1059 2415 ipſius
1074 2354 1181 2410 inter-

323 2411 388 2456 eſt,
413 2414 499 2466 quia
519 2412 667 2456 actione
680 2416 836 2468 Depoſti
851 2427 1004 2458 tenetur.
1033 2418 1061 2468 §.
1068 2420 1181 2469 pen.J.

323 2454 406 2508 quib.
421 2465 501 2500 mod.
516 2478 547 2500 re
563 2474 658 2502 contr.
675 2465 730 2504 obI.
783 2463 853 2505 Sed
867 2463 952 2519 quia
968 2481 1010 2506 ex
1019 2467 1105 2507 dolo
1115 2470 1181 2509 ſuo

320 2516 357 2550 &
373 2513 600 2570 improbitate
613 2516 798 2559 actionem
814 2532 923 2559 nemo
936 2517 1183 2574 conſequitur,

322 2563 507 2609 actionem
525 2570 612 2609 furti
630 2582 706 2609 non
715 2570 835 2610 habet.
858 2575 879 2610 I.
898 2584 947 2618 14.
964 2571 1022 2620 §.3
1049 2575 1068 2610 l.
1086 2584 1127 2608 12.
1150 2573 1181 2623 §.

320 2629 345 2659 1.
357 2620 393 2659 ff.
415 2623 451 2658 de
455 2624 542 2671 furt.
568 2623 761 2662 Bertazzol.
772 2626 803 2663 d.
820 2625 841 2662 l.
859 2628 942 2671 Conſ.
955 2633 981 2667 8.
1000 2639 1030 2662 n.
1042 2635 1092 2671 29.

339 2674 500 2724 Depoſiti
515 2688 575 2711 non
590 2677 734 2723 tenetur)
785 2672 918 2719 Ratio,
932 2675 1017 2728 quia
1027 2678 1181 2724 furtum,

322 2720 481 2783 quando
496 2732 600 2773 dolus
614 2736 647 2769 &
673 2730 791 2783 culpa
814 2732 936 2778 abeſt,
958 2734 1052 2786 inter
1077 2735 1179 2776 caſus

318 2779 489 2821 fortuitos
504 2789 725 2822 numeratur.
749 2786 770 2821 I.
787 2792 809 2824 1.
827 2789 861 2824 C.
881 2784 978 2833 depoſ.
992 2782 1018 2823 l.
1029 2779 1093 2843 quæ
1104 2790 1178 2834 for-

321 2830 418 2869 tuitis.
433 2832 464 2865 6.
479 2833 511 2865 C.
528 2832 565 2863 de
573 2842 657 2879 pign.
675 2831 734 2870 act.
764 2825 938 2883 Carpzov.
963 2827 1013 2867 in
1032 2845 1092 2882 Jpr
1110 2837 1178 2883 for.

316 2889 396 2926 part,
411 2896 438 2918 2.
453 2883 548 2930 Conſt.
560 2887 607 2924 26.
622 2885 686 2931 def.
698 2894 740 2929 15
791 2886 964 2943 Quorum
976 2888 1146 2938 præſtatio
1146 2890 1195 2932 a

318 2934 541 2985 Depoſitario
555 2947 632 2974 non
645 2935 814 2987 exigitur.
829 2954 859 2973 d.
877 2942 898 2975 l.
915 2952 953 2984 23.
969 2941 1015 2990 ff.
1031 2942 1067 2977 de
1081 2948 1119 2980 R.
1135 2943 1175 2992 J.

318 2975 537 3031 Carpzovius
560 2986 606 3020 ad
616 2986 649 3023 d.
654 2984 754 3031 Conſt.
768 2988 816 3023 26.
830 2988 896 3033 def.
898 2988 926 3032 6
980 2988 1173 3039 Poſtquam

319 3038 401 3068 cum
416 3031 507 3070 alius
524 3041 568 3070 ex
584 3027 749 3084 depoſito
768 3035 904 3075 ſuſtulit
917 3047 970 3075 res
984 3031 1116 3075 alienas
1130 3039 1174 3078 ſi-

316 3091 365 3118 ne
378 3075 474 3122 facto
492 3087 549 3123 vel
564 3085 653 3124 dolo
668 3084 895 3138 depoſitarii,
921 3097 997 3127 non
1014 3087 1098 3127 hic,
1110 3089 1173 3130 ſed

302 3127 379 3166 ille
394 3131 670 3172 conveniendus
684 3134 742 3172 eſt.
764 3134 779 3167 l.
802 3144 823 3170 I.
840 3133 871 3183 §.
888 3146 929 3178 32.
947 3134 979 3183 ff.
995 3132 1090 3183 depoſ.
1115 3138 1135 3175 l.
1150 3150 1175 3173 I.

320 3183 353 3217 C.
366 3183 438 3219 eod.
454 3185 555 3222 Mev.
577 3195 658 3233 part.
675 3194 691 3225 3
720 3176 866 3233 Dec.
816 3183 881 3236 164
907 3200 917 3219 n
943 3198 982 3225 1.
1032 3188 1086 3225 EX
1097 3200 1173 3238 qvo

317 3221 496 3271 Officiales
512 3241 667 3271 annonæ
679 3234 725 3271 ad
737 3234 995 3275 reſtitutionem
1013 3234 1174 3276 frumen-

312 3279 360 3323 ti,
388 3284 493 3333 quod
507 3283 649 3328 deficit,
675 3291 709 3325 &
723 3298 787 3339 per
800 3286 938 3328 furtum
950 3286 1172 3331 ſubtractum

310 3329 504 3381 probatur,
529 3342 609 3371 non
635 3343 816 3375 tenentur.
840 3333 1041 3380 Hondedæ.
1067 3341 1127 3378 vol.
1145 3351 1173 3379 2.

310 3386 397 3432 Conſ.
411 3398 466 3435 90.
478 3396 532 3433 per
544 3397 598 3425 tot.
632 3391 695 3428 ubi
715 3394 786 3431 late
811 3390 964 3438 diſſerit,
987 3400 1051 3442 per
1076 3393 1183 3441 quos

311 3431 347 3464 &
362 3429 552 3485 quomodo
568 3433 695 3475 debeat
711 3436 852 3490 probari
874 3437 1036 3481 furtum,
1059 3440 1092 3474 &
1108 3449 1171 3488 per

311 3489 399 3526 quas
419 3480 648 3535 conjecturas
664 3488 725 3525 ſeu
742 3488 973 3541 probationes
996 3489 1170 3531 ſufficien-

309 3537 363 3567 ter
374 3530 413 3571 id
426 3532 612 3584 probetur.
659 3537 839 3576 Notanter
860 3545 982 3577 autem
997 3537 1168 3583 diximus,

307 3584 429 3628 quando
452 3588 538 3623 dolus
562 3586 614 3623 vel
648 3590 736 3637 culpa
773 3590 882 3636 abeſt,
909 3592 995 3641 quia
1017 3589 1167 3641 quando

308 3633 413 3687 culpa
427 3638 486 3675 vel
506 3636 615 3675 dolus
632 3634 741 3688 ipſius
756 3639 960 3692 depoſitarii
976 3642 1168 3693 præceſſit,

306 3674 347 3713 id
366 3688 459 3719 inter
472 3684 571 3720 caſus
586 3684 758 3722 fortuitos
775 3700 856 3739 non
862 3692 1024 3739 refertur.
1044 3691 1075 3734 d.
1096 3694 1159 3735 l.23.

300 3734 385 3780 ff.de
392 3744 430 3777 R.
443 3743 482 3791 J.
503 3739 602 3780 Pfeil.
626 3741 773 3790 Conſ.50.
784 3756 816 3777 n.
828 3744 850 3777 6

350 3784 441 3823 Furti
452 3799 539 3838 agere
549 3803 608 3823 non
618 3797 732 3840 poteſt)
782 3794 874 3832 Inde
890 3811 975 3833 cum
990 3801 1090 3834 nulla
1105 3806 1167 3833 na-

1247 615 1284 643 ta
1300 602 1397 645 actio
1414 604 1528 647 civilis
1544 605 1657 658 parti,
1685 619 1753 647 nec
1770 608 1978 650 Criminalis
2013 609 2113 652 actio

1246 663 1305 698 vel
1321 660 1508 711 inquiſitio
1536 665 1633 703 Fiſco
1659 667 1718 702 vel
1733 662 1900 716 Reipubl.
1928 675 2110 717 competit.

1245 714 1437 753 Bertazzol.
1462 714 1494 750 d.
1508 719 1531 753 I.
1572 715 1656 762 Conſ.
1670 723 1698 756 8.
1742 729 1775 752 n.
1791 730 1839 763 29.
1881 726 1919 752 &
1933 732 1980 763 30.
2030 721 2110 761 Niſi

1249 771 1473 802 conventum
1489 763 1552 808 ſit,
1579 773 1621 803 ut
1638 767 1780 816 culpam
1797 777 1946 817 quoque
1961 771 2107 817 præſtet.

1249 820 1278 859 §.
1299 819 1357 855 ult.
1373 818 1409 868 J.
1427 824 1466 856 Vi
1491 818 1592 855 bonor.
1606 830 1682 865 rapt.
1708 828 1773 855 aut
1790 820 1862 870 ipſe
1881 827 1917 858 ſe
1940 821 2107 872 depoſito

1249 864 1429 905 obtulerit.
1456 878 1522 915 arg.
1530 866 1550 903 l.
1568 878 1591 902 I.
1605 870 1628 905 §.
1638 879 1677 911 35.
1688 871 1726 916 ff.
1741 870 1850 917 depoſit.
1905 873 2008 912 Ratio
2023 885 2107 921 qvia

1249 915 1293 953 iis
1311 928 1349 954 in
1364 915 1498 954 caſibus
1521 929 1595 957 rem
1613 918 1679 955 ſuo
1693 920 1854 969 periculo
1882 931 1989 960 tenet.
2017 931 2039 955 l.
2056 933 2105 967 14.

1247 975 1275 1014 §.
1293 974 1335 1007 16.
1353 973 1384 1018 ff.
1403 974 1439 1007 de
1463 974 1547 1020 furt.
1625 974 1711 1013 Ideo
1731 987 1809 1012 non
1822 975 1936 1025 poteſt
1949 987 2027 1014 non
2039 978 2106 1029 ipſi

1246 1017 1344 1060 actio
1362 1019 1449 1059 furti
1464 1027 1676 1070 competere.
1703 1027 1723 1060 l.
1742 1027 1806 1062 2.§.
1826 1038 1868 1062 22,
1888 1034 1924 1060 &
1933 1033 1996 1075 seq.
2011 1025 2052 1065 ff.
2068 1032 2103 1065 dt

1250 1078 1291 1116 Vi
1307 1074 1374 1112 bon.
1388 1085 1467 1124 rapt.
1480 1077 1533 1118 l.1.
1552 1081 1576 1112 §.
1592 1079 1623 1116 6.
1639 1077 1675 1112 &
1690 1089 1732 1124 35.
1741 1079 1781 1125 ff.
1798 1078 1893 1128 depoſ.

1549 1159 1798 1212 TEXTUS.

1290 1252 1320 1286 6.
1347 1253 1470 1288 Contra
1483 1263 1571 1301 quos
1608 1254 1710 1292 detur
1734 1253 1821 1293 actio
1842 1254 1965 1300 Furti,
1996 1257 2041 1299 &
2056 1269 2103 1296 an

1367 1312 1523 1365 adverſus
1537 1315 1757 1365 Impuberes?

1294 1407 1327 1444 §.
1360 1406 1471 1447 XIIX,
1511 1408 1553 1442 In
1565 1401 1722 1454 ſumma,
1741 1402 1925 1451 ſciendum
1943 1402 2000 1455 eſt,
2011 1420 2100 1458 quæ-

1229 1455 1339 1508 ſitum
1367 1458 1468 1511 eſſe,
1493 1471 1546 1500 an
1574 1458 1769 1514 Impubes
1805 1476 1892 1505 rem
1922 1466 2101 1505 alienam

1240 1512 1478 1558 amovendo
1513 1514 1671 1560 furtum
1702 1515 1828 1563 faciat
1828 1515 1862 1564 ?
1886 1527 1931 1560 Et
1941 1522 2100 1574 placuit,

1240 1576 1324 1626 quia
1352 1569 1509 1617 furtum
1540 1588 1593 1618 ex
1623 1575 1770 1621 affectu
1808 1576 1971 1622 furandi
1998 1591 2100 1621 con-

1241 1633 1386 1677 ſiſtit:
1412 1639 1467 1674 ita
1483 1634 1624 1675 demum
1651 1634 1828 1691 obligari
1846 1649 1896 1679 eo
1921 1641 2099 1683 crimine

1240 1689 1544 1748 Impuberem,
1572 1694 1605 1735 ſi
1622 1698 1844 1749 proximus
1890 1698 2100 1754 pubertati

1244 1753 1355 1803 ſit,
1408 1758 1454 1799 &
1487 1754 1541 1798 ob
1564 1756 1608 1799 id
1632 1755 1872 1813 intelligat,
1901 1759 1939 1800 ſe
1968 1761 2099 1804 delin-

1241 1829 1380 1868 quere.

1416 1910 1910 1951 ANNOTATIONES.

1232 2006 1256 2036 I.
1274 1993 1439 2049 Infantes
1453 1999 1561 2050 pœnis
1575 2003 1709 2053 Legum
1730 2013 1799 2040 non
1805 2001 1896 2053 ſunt
1919 2000 2067 2047 obnoxii.

1237 2063 1268 2087 2.
1281 2048 1458 2089 Pubertati
1466 2048 1621 2104 proximi
1631 2055 1716 2104 qui?

1229 2109 1262 2155 3.
1277 2101 1459 2150 Pubertati
1470 2111 1628 2141 proximi
1644 2109 1717 2157 doli
1728 2117 1876 2160 capaces
1900 2110 2016 2168 ſunt,
2046 2111 2093 2155 &

1347 2166 1457 2217 pœnis
1463 2171 1593 2221 Legum
1605 2167 1847 2220 ſubjiciuntur.

1232 2228 1271 2262 4.
1282 2224 1360 2256 Non
1378 2227 1500 2258 tamen
1546 2219 1765 2267 ordinariis,
1794 2221 1867 2274 ſed
1889 2222 2090 2265 extraordi-

1350 2279 1472 2322 nariis.

1224 2349 1260 2386 5.
1270 2340 1430 2383 Minores
1456 2353 1505 2384 an
1533 2336 1718 2383 ordinariis
1735 2343 1846 2395 pœnis
1866 2350 1997 2397 Legum
2011 2345 2089 2396 ſint

1348 2399 1510 2442 obnoxii?
1534 2409 1607 2446 n.6.

1278 2472 1336 2509 An
1346 2470 1479 2522 impubes
1488 2473 1621 2522 furtum
1631 2474 1797 2525 faciat?)
1822 2476 1994 2522 Infantes,
2001 2477 2086 2529 qvia

1231 2535 1310 2564 non
1323 2523 1493 2566 videntur
1510 2525 1721 2578 delinquere
1738 2527 1835 2579 poſſe
1869 2532 1889 2566 I.
1911 2541 1952 2567 12.
1975 2532 2015 2581 ff.
2044 2530 2086 2568 ad

1231 2580 1269 2616 L.
1289 2575 1405 2618 Cornel.
1422 2577 1455 2614 de
1467 2577 1560 2625 ſicar.
1581 2581 1602 2619 I.
1619 2582 1671 2616 60.
1687 2581 1721 2620 ff
1742 2585 1778 2621 de
1795 2585 1833 2619 R.
1847 2586 1886 2622 V.
1912 2584 1933 2620 l.
1948 2594 1975 2629 7.
1995 2583 2024 2631 §.
2038 2581 2086 2623 &

1229 2629 1308 2673 ideo.
1320 2627 1361 2679 ff.
1370 2632 1415 2670 ad
1425 2637 1464 2673 L.
1482 2634 1595 2682 Aquil.
1619 2634 1714 2675 Gail.
1739 2651 1770 2676 2.
1811 2637 1885 2685 Obſ.
1902 2650 1964 2675 110.
1985 2653 2015 2672 n.
2028 2651 2086 2678 20.

1231 2682 1268 2720 &
1276 2682 1338 2730 ſeq.
1371 2682 1486 2734 pœnis
1511 2674 1657 2735 Legum
1677 2684 1808 2728 delicta
1823 2686 2086 2729 vindicantium

1230 2745 1308 2772 non
1320 2733 1404 2772 ſunt
1419 2733 1581 2774 obnoxii.
1605 2739 1626 2773 l.
1640 2749 1684 2781 23.
1693 2738 1733 2784 ff.
1746 2739 1789 2775 de
1795 2740 1882 2786 furt.
1904 2740 1925 2778 l.
1942 2751 1967 2784 5.
1985 2746 2007 2781 §.
2015 2748 2086 2787 pen.

1222 2788 1262 2835 ff.
1278 2787 1321 2823 ad
1328 2792 1371 2826 L.
1396 2792 1508 2835 Aquil.
1528 2791 1560 2824 d.
1575 2791 1595 2828 l.
1613 2801 1653 2828 12.
1664 2793 1704 2840 ff.
1719 2794 1763 2828 ad
1776 2799 1805 2831 L
1829 2796 1943 2830 Cornel.
1964 2796 2014 2835 de
2014 2796 2086 2846 Sic.

1231 2835 1322 2869 Clem.
1343 2845 1398 2870 un.
1414 2833 1452 2867 de
1478 2833 1635 2874 Homicid.
1657 2838 1717 2872 vol.
1742 2838 1919 2883 Carpzov.
1946 2840 1979 2870 in
2013 2840 2083 2887 Jpr.

1220 2885 1285 2930 for.
1299 2894 1379 2931 part.
1395 2896 1430 2930 4.
1450 2884 1599 2934 Conſt.38.
1610 2888 1717 2937 def.8.
1734 2896 1769 2924 &
1781 2903 1813 2922 in
1825 2901 1873 2936 pr.
1893 2891 1986 2928 Crim.
1998 2902 2082 2943 part.

1224 2944 1251 2977 3.
1265 2945 1317 2980 qv.
1330 2944 1393 2979 143.
1416 2946 1441 2969 n.
1460 2937 1490 2988 9.
1506 2936 1526 2972 &
1538 2934 1633 2983 30.

1267 2989 1308 3037 Eo
1327 2992 1480 3040 crimine)
1513 2999 1547 3033 &
1570 2990 1714 3034 actione
1752 2995 1850 3035 furti.
1876 2999 1898 3031 l.
1923 3009 1962 3042 23.
1983 2998 2023 3044 ff.
2045 2999 2081 3033 de

1216 3052 1306 3098 furt.

1276 3093 1307 3127 Si
1317 3088 1471 3139 pubertati
1480 3094 1662 3142 proximus)
1701 3093 1905 3147 Impuberes
1917 3093 2084 3144 puberta-

1224 3144 1254 3182 ti
1269 3139 1448 3195 proximi,
1476 3147 1524 3184 die
1540 3148 1632 3196 ſchon
1644 3148 1735 3197 eilffte
1747 3151 1825 3190 halb
1835 3150 1929 3198 Jahr
1940 3154 1984 3189 alt
1994 3151 2081 3197 ſeyn/

1225 3196 1253 3234 ſi
1270 3195 1440 3238 maſculi,
1478 3198 1532 3235 ſin
1558 3194 1718 3243 fæminæ,
1742 3200 1768 3240 ſi
1790 3200 1992 3242 exceſſerint
2013 3214 2082 3240 no-

1225 3251 1316 3281 num
1327 3251 1467 3281 annum
1486 3248 1521 3282 &
1542 3245 1767 3292 dimidium,
1789 3250 1841 3289 die
1867 3248 1976 3298 zehend
2002 3252 2081 3292 halb

1224 3295 1323 3344 Jahr
1338 3295 1387 3335 alt
1408 3294 1502 3343 ſeyn/
1528 3298 1741 3338 Schneidew
1777 3301 1805 3335 h.
1824 3313 1853 3338 n.
1875 3315 1901 3336 2.
1925 3301 1979 3339 uti
2005 3302 2081 3341 doli

1225 3353 1371 3394 capaces
1386 3345 1481 3385 ſunt.
1502 3349 1523 3382 l.
1537 3358 1572 3393 4.
1589 3348 1618 3395 §.
1633 3351 1679 3388 26.
1689 3351 1727 3397 ff.
1741 3352 1778 3387 de
1791 3353 1848 3388 dol.
1872 3354 1943 3387 mal.
1955 3354 1992 3389 &
2008 3365 2081 3391 met.

1224 3404 1336 3442 except.
1377 3395 1428 3435 ita
1451 3402 1485 3436 &
1512 3398 1654 3438 furandi
1685 3405 1707 3438 &
1728 3401 1866 3450 injuriæ
1886 3397 2079 3442 faciendæ,

1221 3446 1409 3499 pænisque
1436 3450 1581 3501 Legum
1603 3450 1798 3501 ſubjacent.
1824 3453 1846 3489 l.
1861 3467 1909 3491 III.
1924 3455 1960 3493 ff.
1977 3457 2014 3491 de
2038 3462 2079 3496 R.

1216 3500 1260 3545 J.
1276 3498 1296 3536 l.
1316 3511 1358 3544 23.
1394 3501 1431 3550 ff.
1447 3499 1484 3536 de
1495 3502 1581 3549 furt.
1596 3504 1618 3539 l.
1633 3513 1682 3549 14.
1717 3505 1756 3551 ff.
1771 3506 1808 3541 de
1819 3508 1904 3543 SCto.
1930 3508 2028 3547 Silan,
2041 3512 2079 3547 &

1223 3545 1335 3583 Claud.
1350 3550 1371 3582 l.
1390 3561 1416 3583 2.
1437 3555 1461 3585 §.
1476 3549 1584 3595 19.ff.
1609 3549 1645 3583 de
1663 3554 1705 3586 Vi
1725 3552 1790 3588 bon.
1808 3557 1885 3595 rapt.
1899 3550 1958 3586 act.
1980 3547 2080 3596 junct.

1219 3597 1352 3645 arg.|l.
1335 3600 1360 3645 7.
1370 3600 1400 3646 C.
1406 3600 1442 3629 de
1454 3610 1530 3642 pœn.
1539 3612 1566 3630 c.
1580 3606 1604 3635 1.
1617 3601 1656 3633 X.
1667 3599 1709 3633 de
1717 3598 1811 3634 delict.
1823 3608 1909 3645 puer.
1944 3592 2079 3641 nonta-

1219 3642 1304 3687 men
1317 3650 1536 3693 ordinariis,
1548 3650 1609 3690 ſed
1620 3660 1762 3692 tantum
1777 3652 2080 3698 extraordinariis.

1219 3701 1239 3737 l.
1256 3714 1298 3748 37.
1317 3707 1342 3743 §.
1362 3716 1382 3741 I.
1396 3706 1437 3757 ff.
1445 3705 1482 3742 de
1494 3709 1616 3744 Minor.
1632 3716 1677 3750 25.
1698 3719 1769 3740 ann.
1787 3706 1808 3741 l.
1830 3717 1861 3752 9.
1875 3711 1899 3748 §.
1916 3721 1941 3753 3.
1962 3709 1999 3749 ff.
2016 3711 2082 3754 eod.

1218 3752 1241 3789 I.
1254 3761 1321 3795 108.
1336 3755 1374 3793 ff.
1391 3758 1428 3791 de
1445 3761 1483 3794 R.
1499 3756 1538 3808 J.
1555 3758 1641 3796 Ord.
1655 3760 1749 3796 Crim.
1763 3761 1864 3795 Caroli
1882 3764 1922 3797 V.
1936 3771 1988 3797 art
2009 3764 2079 3808 164.

1219 3802 1446 3843 Schneidew.
1480 3805 1510 3839 h.
1527 3819 1556 3838 n.
1574 3819 1598 3851 3.
1613 3808 1672 3846 H.
1705 3806 1826 3848 Piſtor.
1864 3806 1937 3855 Obſ.
1954 3822 2009 3847 122.
2027 3819 2083 3856 per

1439 3866 1574 3907 Zzzz

2017 3879 2081 3911 tot.

2123 2473 2190 2527 1.

2108 3126 2139 3164 2.

2110 3308 2146 3345 3.

2100 3417 2145 3460 4.
