2342 2971
791 457 860 519 14

800 569 890 601 tum
913 570 1039 624 paret,
1069 569 1138 618 ſed
1162 573 1205 620 &
1229 579 1272 634 ſi,
1292 582 1411 644 quod
1429 589 1472 640 in
1489 586 1651 644 ſcientia
1674 601 1745 648 iſta
1766 605 1888 656 datur,
1916 611 2082 666 culmen

796 632 996 681 attingere
1018 633 1146 688 cupit,
1169 640 1407 699 cognitione
1429 650 1714 705 mathematica
1732 667 2001 726 praecedente
2016 691 2080 724 ca-

793 685 883 721 rere
914 694 1089 731 nequeat
1111 691 1305 743 abſolute.
1370 700 1443 751 Eſt
1464 711 1576 758 enim
1598 714 1681 762 hoc
1706 721 1749 766 in
1766 721 1880 773 ſenſu
1913 740 2077 782 contro-

789 739 932 793 verſia,
960 736 1012 786 de
1041 757 1125 807 qua
1148 751 1304 815 agitur,
1331 769 1465 816 mota:
1507 775 1653 832 prouti
1677 774 1885 839 ſequentia
1908 788 2073 849 plenius

786 802 1062 864 declarabunt.

1351 927 1405 979 §.
1429 936 1564 979 III.

903 1003 1108 1042 Matheſin
1130 1004 1324 1062 diſtingui
1347 1011 1390 1050 in
1412 1022 1563 1073 puram
1587 1003 1633 1063 &
1645 1020 1897 1093 applicatam,
1905 1035 2061 1084 nemini

768 1068 857 1090 non
879 1072 1028 1097 notum
1044 1067 1114 1102 eſt.
1179 1069 1550 1125 Determinandum
1571 1080 1709 1146 itaque
1729 1101 1823 1136 ante
1848 1100 1987 1146 omnia
2010 1102 2055 1148 ſi-

766 1121 856 1153 mul
873 1124 1000 1169 venit,
1013 1134 1129 1171 num,
1158 1131 1240 1184 qui
1269 1131 1466 1184 tribuitur
1490 1139 1587 1189 uſus
1616 1148 1868 1215 univerſalis,
1894 1169 2056 1221 utrique

763 1174 948 1218 Matheſi,
972 1182 1161 1231 adeoque
1192 1183 1365 1230 ſcientiæ
1389 1192 1489 1236 huic
1517 1198 1559 1241 in
1581 1211 1747 1263 genere,
1763 1221 1819 1253 an
1844 1211 2052 1272 alterutri,

758 1232 821 1268 &
843 1236 1003 1268 cuinam
1039 1239 1242 1281 tribuatur
1270 1257 1326 1285 ex
1357 1250 1535 1299 iisdem?
1584 1262 1781 1312 Matheſis
1805 1272 2050 1334 generatim,

756 1293 1084 1333 determinandas
1105 1311 1244 1339 rerum
1267 1315 1516 1365 quantitates
1537 1316 1671 1362 docet.
1741 1324 1852 1372 Pura
1879 1329 2045 1382 Mathe-

750 1349 816 1387 ſis,
841 1364 921 1383 una
945 1366 1042 1389 cum
1070 1359 1294 1403 calculandi
1324 1367 1513 1424 ſcientiis,
1542 1377 1818 1430 Arithmetica
1845 1390 2045 1438 nimirum

750 1406 798 1436 &
817 1410 1018 1458 Algebra,
1038 1416 1324 1460 Geometriam
1343 1430 1540 1483 explicat,
1561 1435 1746 1492 itemque
1757 1437 2045 1499 Trigonome-

749 1462 884 1491 triam,
912 1470 965 1492 in
978 1469 1045 1494 his
1076 1472 1234 1501 ultimis
1258 1475 1497 1520 dimetiendi
1513 1482 1693 1535 regulas
1702 1488 1887 1533 tradens:
1907 1494 2037 1543 adeo-

747 1521 833 1556 que
852 1519 1103 1569 quantitates
1123 1522 1192 1561 vel
1214 1525 1362 1569 calculo
1382 1528 1451 1575 vel
1463 1541 1646 1597 menſura
1672 1553 1819 1595 eruere
1834 1546 1998 1612 docet
1989 1550 2039 1609 (r).

1910 1620 2033 1670 Haec

782 1680 840 1726 (r)
866 1680 1009 1716 Minime
1025 1680 1084 1719 nos
1101 1683 1203 1740 fugit,
1229 1689 1302 1730 dari
1319 1704 1465 1744 autores,
1483 1703 1544 1755 qui
1552 1704 1750 1755 Matheſeos
1773 1716 1882 1762 finem
1908 1720 2022 1777 longi-

832 1745 872 1757 us
889 1738 1000 1763 multo
1017 1742 1221 1783 extendunt;
1257 1757 1381 1794 præter
1411 1764 1474 1790 ea,
1497 1767 1572 1804 quæ
1599 1760 1642 1795 de
1670 1766 1740 1812 ejus
1752 1768 1819 1805 uſu
1846 1781 1921 1810 tota
1945 1776 2055 1820 hæc

826 1786 1009 1819 Tractatio
1026 1800 1213 1835 proponit,
1251 1808 1385 1845 quæque
1410 1807 1574 1857 nonnulli
1600 1813 1641 1846 ab
1668 1827 1707 1850 ea
1733 1816 1778 1856 ad
1796 1816 2016 1867 formandam

825 1847 939 1865 artem
960 1843 1130 1888 quandam
1151 1848 1460 1892 characteriſticam
1476 1852 1547 1894 aut
1580 1856 1784 1923 ſcripturam
1815 1874 2013 1928 generalem

822 1891 960 1935 ſperant
975 1896 1187 1942 adjumenta;
1218 1905 1416 1944 inveniendi
1433 1910 1538 1949 etiam
1553 1922 1688 1972 regulas
1705 1927 1903 1980 generales,
1929 1944 2016 1972 ean-

821 1947 921 1977 dem,
948 1958 1016 1988 ope
1035 1951 1277 1997 abſtractionis,
1292 1957 1507 2014 ſuppeditare
1522 1971 1779 2021 contendentes,
1807 1993 1896 2031 quos
1915 1986 2007 2026 inter

817 1998 926 2024 modo
942 2005 983 2021 ad
997 2005 1162 2033 WOLFFII
1176 2005 1275 2039 Elem.
1297 2009 1438 2046 Arithm.
1459 2013 1488 2056 §.
1505 2025 1532 2051 2.
1549 2030 1584 2054 et
1597 2032 1659 2067 125.
1680 2029 1882 2078 provocaſſe
1912 2032 2005 2077 ſuffi-

798 2055 899 2078 ciat:
938 2065 1003 2081 nec
1024 2066 1096 2086 non
1109 2054 1154 2089 ad
1166 2055 1277 2109 Ejusd.
1294 2057 1400 2100 Elem.
1410 2066 1545 2123 Analyſ.
1560 2075 1648 2124 finit.
1673 2080 1759 2122 Part.
1785 2087 1816 2129 I.
1830 2090 1916 2144 Cap.
1934 2092 2003 2134 III.

808 2107 908 2144 quod
923 2108 1051 2148 quippe
1069 2108 1181 2156 Caput
1205 2110 1422 2160 univerſum,
1447 2115 1486 2161 de
1504 2128 1565 2176 uſu
1585 2122 1696 2170 calculi
1719 2136 1859 2180 literalis
1878 2142 1926 2183 ad
1949 2149 2000 2185 in-

812 2161 970 2207 venienda
999 2156 1229 2209 Theoremata,
1249 2165 1462 2217 inſcribitur:
1488 2180 1580 2222 unde
1600 2187 1777 2231 concluſio
1801 2197 1879 2238 fieri
1904 2201 1999 2244 forte

808 2211 939 2245 poſſet,
964 2220 1003 2240 ac
1018 2216 1045 2242 ſi
1062 2216 1229 2267 Algebra,
1254 2219 1350 2274 quod
1368 2220 1446 2261 alias
1462 2227 1598 2286 Logicæ
1621 2233 1668 2272 eſt
1685 2245 1866 2299 negotium
1893 2245 1997 2293 ſimul

805 2259 1085 2319 Theorematum
1100 2279 1137 2302 in
1151 2286 1282 2327 genere
1297 2277 1537 2327 inventionem
1549 2285 1906 2354 conſtructionemque
1931 2300 1994 2340 do-

1925 2365 1990 2399 ce
