1696 2408
202 460 278 497 dem
289 463 518 501 abſtinentiam
526 463 672 508 praeſtat,
683 469 712 497 et
723 465 806 498 inter
828 458 1008 513 Germanos,
1021 464 1103 500 Chri-

195 502 323 554 ſtianus
341 503 532 558 Thomaſius,
546 510 570 554 s)
594 513 644 545 uir
664 511 800 549 illuſtris,
812 511 867 553 qui
887 510 955 544 fere
972 513 1106 555 ſcripto-

203 549 291 585 ribus
303 550 428 597 exteris,
444 561 616 595 eorummque
636 553 821 589 teſtimonio
839 562 998 596 nusquam
1006 563 1105 599 utun-

202 607 266 638 tur,
280 612 382 645 quam
398 601 455 637 ubi
471 603 559 638 nulla
575 602 713 647 ſupereſt
730 605 791 640 alia
807 603 890 637 ratio
912 601 951 637 ab
965 605 1104 639 ubiectis

200 642 439 684 difficultatibus
462 643 494 679 ſe
517 645 726 689 expediendi,
757 646 846 689 quod
868 656 933 677 non
960 657 1032 679 raro
1057 648 1104 685 ſit,

203 687 286 729 adeo
297 688 445 731 quidem,
455 689 487 737 ut
496 687 671 737 aliquando
681 691 811 726 excuſſis
823 690 975 726 omnibus
986 693 1104 724 utrius-

202 739 266 771 que
282 731 413 776 linguae
425 731 615 773 auctoribus
627 733 734 767 adhuc
751 741 860 767 tamen
873 738 1042 778 interpreti
1059 739 1104 768 ſa-

202 780 243 813 tis
258 773 418 827 ſuperque
434 780 617 819 ſudandum
633 781 690 819 ſit.

270 824 424 868 Denique
432 824 517 865 ſunt
527 824 602 863 alii,
623 826 682 867 qui
685 826 855 862 maiorem
873 827 929 864 ſibi
941 827 1107 864 licentiam

202 856 351 909 ſumunt,
373 863 697 905 commentariosque
720 870 795 897 ſuos
821 871 994 900 benedictis
1018 882 1107 899 uete-

202 925 297 953 rum,
321 923 478 957 tanquam
500 916 643 957 gemmis
659 917 872 961 quibusdam,
897 918 1107 960 diſtinguunt,

201 966 264 993 nec
276 952 327 1004 ibi
327 956 471 1001 tantum
488 953 551 1000 hoc
568 957 712 998 faciunt,
730 962 817 992 cum
833 959 931 996 locis,
965 969 1037 1001 quos
1050 966 1105 994 in-

200 1000 416 1045 terpretantur
443 997 545 1048 aliter
567 999 691 1048 mederi
712 1008 784 1049 non
801 1002 953 1049 poſſunt,
979 1011 1104 1038 uerum

201 1052 273 1081 tum
293 1056 447 1090 quoque,
470 1043 524 1080 ubi
540 1047 723 1093 periculum
735 1049 800 1090 eſt,
831 1057 872 1081 ne
877 1052 1045 1093 grauitate
1071 1059 1103 1086 et

200 1090 409 1133 multitudine
415 1101 535 1132 rerum
548 1087 690 1142 defeſſus
700 1094 831 1138 legentis
846 1099 975 1128 animus
987 1097 1104 1139 oppri-

201 1144 322 1181 matur,
339 1130 400 1184 his
400 1133 493 1184 quaſi
510 1137 669 1176 illecebris
680 1150 765 1183 cum
776 1139 818 1174 ab
835 1139 950 1177 aſſidua
963 1144 1106 1176 medita-

200 1178 296 1220 tione
309 1178 482 1231 reuocant,
500 1188 538 1238 ut
548 1179 725 1235 paulliſper
725 1181 900 1235 requietus
917 1189 1037 1222 melior
1052 1190 1107 1221 de-

201 1217 279 1262 inde
303 1227 511 1269 alacriorque
534 1227 616 1273 poſt
638 1232 793 1270 eiusmodi
815 1233 1039 1263 remiſionem
1065 1235 1105 1261 ad

199 1270 407 1316 propoſitum
425 1268 507 1320 opus
517 1275 678 1317 redeat.
683 1275 845 1319 Quorum
855 1281 930 1317 ego
949 1286 1107 1315 morem,

200 1317 233 1343 et
249 1313 538 1352 conſuetudinem,
553 1306 684 1356 ſemper
697 1321 732 1345 et
748 1321 824 1345 cum
842 1320 959 1360 primis
975 1320 1102 1351 imitan-

199 1360 289 1395 dum
296 1360 430 1401 cenſui,
445 1359 719 1406 quandoquidem
735 1372 771 1398 ea
791 1368 919 1395 ratione
937 1361 1103 1410 perfectae

198 1405 432 1447 accurataeque
446 1402 630 1439 tractationi
648 1404 729 1441 iuris
741 1404 823 1439 nihil
843 1404 980 1453 decedit,
997 1409 1103 1443 lecto-

199 1447 243 1482 ris
268 1456 369 1482 autem
389 1449 517 1483 utilitati
535 1446 688 1488 maxime
688 1448 891 1489 conſulitur,
900 1451 989 1486 dum
999 1452 1041 1486 ne
1048 1459 1104 1485 ta-

198 1506 279 1532 men
297 1507 345 1539 ea,
353 1508 436 1542 quae
452 1496 493 1532 ſic
509 1497 648 1547 inſperſa
664 1499 747 1540 ſunt,
760 1500 864 1533 aliena
883 1500 942 1535 ſint
963 1500 992 1545 ab
1008 1503 1103 1538 inſti-

202 1546 287 1582 tuto,
297 1547 356 1576 aut
363 1539 512 1593 unlgaria
529 1549 562 1577 et
573 1535 703 1579 nullius
712 1543 786 1581 uſus
795 1542 952 1585 dicteria,
960 1544 1015 1581 ſed
1024 1556 1101 1580 cum

1009 1591 1096 1629 iudi-

286 1660 434 1706 nique.
403 1656 435 1702 in
452 1662 536 1704 libris
549 1668 676 1703 quatuor
685 1662 941 1707 obſeruationum
953 1663 1026 1700 iuris
1040 1666 1101 1706 Ro-

288 1697 384 1738 mani,
404 1698 496 1738 Lugd.
511 1712 580 1738 Bat.
589 1699 658 1738 1710.
676 1704 709 1738 4.

244 1742 271 1780 s)
290 1743 322 1774 in
340 1745 593 1774 diſſertationibus
604 1744 662 1775 ſuis
676 1744 713 1774 de
726 1739 782 1774 uſu
796 1739 924 1784 practico
939 1738 1101 1779 inſtitutio-

288 1793 380 1825 num,
400 1789 472 1819 anno
499 1799 562 1827 1711.
584 1787 641 1820 edi
651 1786 782 1829 coeptis,
809 1798 843 1819 et
859 1792 895 1821 ad
914 1792 1041 1822 titulum
1062 1794 1099 1821 de

285 1836 499 1881 adoptionibus
521 1844 616 1877 usque
629 1837 788 1877 productis.
833 1837 911 1868 Item
924 1840 957 1870 in
971 1839 1104 1871 diſſerta-

285 1876 373 1907 tione
389 1876 424 1908 de
445 1871 505 1917 iure
521 1873 625 1920 ininſto
639 1876 892 1918 heredipetarum,
913 1877 952 1907 de
960 1881 1100 1919 captato-

285 1916 338 1947 riis
352 1908 608 1954 inſtitutionibus,
631 1919 666 1947 in
676 1918 777 1956 primis
798 1916 890 1947 initiis
909 1915 1098 1951 ſucceſſionis

285 1952 522 1993 teſtamentariae
543 1962 622 2001 apud
633 1962 801 1997 Romanos,
824 1961 854 1993 in
871 1960 909 1991 de
923 1960 1008 1994 ſenſu
1023 1963 1100 2004 legis

286 2002 494 2034 decemuiralis
508 2002 758 2041 teſtamentariae,
783 2004 821 2034 de
834 2001 947 2037 iudicio
961 2004 1014 2037 ſeu
1029 2014 1100 2036 cen-

285 2046 357 2081 ſura
363 2050 500 2083 morum,
515 2054 547 2078 et
559 2048 638 2082 alibi.
