2394 2893
303 603 493 633 monere,
509 575 619 626 quod
635 572 786 614 ibidem
803 573 854 612 de
867 568 1135 611 diſſertatione
1146 565 1309 618 quadam
1326 566 1417 607 heic
1434 564 1533 603 olim

304 631 500 673 publicata
517 625 645 659 minus
667 620 769 657 recte
798 618 961 656 relatum
988 615 1045 657 ſit.
1080 613 1276 655 Fecimus
1296 611 1393 652 illud
1417 610 1532 657 hujus

308 685 557 727 bibliothecæ
577 680 659 722 ſect.
670 683 722 722 V.
737 675 867 730 capite
895 675 1052 730 primo,
1089 676 1126 715 &
1152 672 1397 716 oſtendimus
1422 669 1534 711 claris

305 739 435 776 verbis
454 734 557 773 illius
574 729 849 773 diſſertationis
879 724 1017 775 minime
1034 726 1127 767 illud
1144 727 1182 766 in
1196 734 1371 765 mentem
1389 723 1537 764 veniſſe

292 784 471 829 Auctori
485 783 583 831 ejus,
600 784 710 832 quod
720 780 980 822 Berolinenſis
996 779 1148 820 Auctor
1164 776 1213 817 de
1231 788 1280 816 eo
1300 777 1441 817 tradit:
1468 776 1537 815 ſed

306 841 421 891 plane
449 834 694 874 contrarium
722 832 868 871 diſerte
896 828 1113 873 inculcaſſe.
1162 827 1278 870 Nolo
1315 837 1444 865 autem
1470 826 1540 864 hic

307 889 443 928 multis
464 893 644 937 repetere
660 883 702 921 id
718 880 828 933 quod
842 880 949 919 inter
968 892 1033 920 nos
1050 875 1352 920 controuerſum
1361 870 1452 923 fuit:
1472 876 1540 916 ſed

304 949 459 981 tantum
478 939 603 990 aliqua
626 933 968 989 Experientiſſimo
994 935 1083 973 viro
1104 926 1365 984 reſpondere,
1391 927 1440 968 ad
1456 926 1541 973 illa,

308 1008 393 1050 quæ
416 996 513 1037 mihi
532 992 737 1034 volumine
754 991 898 1043 quinto
923 989 1085 1042 regeſſit.

411 1056 461 1085 II.
490 1049 637 1080 Merito
664 1048 795 1077 autem
816 1036 1023 1076 exordium
1042 1033 1140 1074 illud
1167 1032 1306 1077 ſumo,
1341 1029 1453 1082 quod
1468 1030 1543 1070 Ex-

308 1097 611 1153 perientiſſimus
628 1096 689 1135 vir
713 1096 757 1134 in
781 1089 1035 1145 reſponſione
1058 1092 1122 1132 ſua
1141 1091 1283 1132 vltimo
1302 1088 1403 1129 dixit
1428 1087 1545 1131 loco,

311 1158 436 1200 optare
440 1147 485 1196 ſe
501 1155 542 1184 vt
557 1145 675 1194 magis
679 1144 844 1194 ſobriam
861 1141 1068 1190 modeſtiam
1084 1140 1123 1180 in
1139 1137 1378 1190 reſpondendo
1398 1138 1546 1177 adhibe-

290 1212 396 1245 am,
414 1193 606 1238 omittendo
631 1194 761 1245 putida
778 1192 918 1239 verba,
917 1188 1289 1243 opprobationemque
1312 1187 1458 1239 inſcitiæ
1473 1186 1542 1230 La-

312 1260 397 1294 tinæ
405 1254 560 1300 linguæ,
580 1259 695 1299 quum
712 1247 853 1287 veritas
864 1254 937 1297 per
952 1242 1084 1297 inſulſa
1102 1239 1278 1294 ejusmodi
1294 1241 1407 1282 verba
1425 1238 1547 1281 neuti-

313 1319 427 1362 quam
442 1303 649 1357 impugnari
661 1302 774 1356 poſſit,
826 1303 971 1344 Fateor
988 1300 1078 1342 ſane
1097 1300 1193 1342 dura
1202 1299 1300 1341 mihi
1317 1296 1453 1346 videri,
1474 1306 1548 1347 quæ

316 1364 365 1402 de
376 1359 526 1413 putidis
545 1359 584 1407 &
597 1356 744 1401 inſulſis
763 1355 893 1397 verbis
919 1352 1176 1403 exciderunt,
1202 1361 1324 1401 quum
1354 1362 1417 1396 me
1434 1349 1548 1396 abſti-

292 1425 414 1456 nere
444 1423 519 1462 ego
539 1410 702 1463 quidem
718 1410 765 1452 ab
790 1406 989 1458 ejusmodi
1018 1407 1149 1450 verbis
1174 1417 1246 1460 per
1270 1414 1397 1445 totam
1421 1413 1552 1442 meam

317 1469 438 1512 vitam
457 1464 690 1508 ſtuduerim:
715 1464 753 1506 &
779 1461 960 1517 profecto
980 1461 1177 1502 confidam
1196 1456 1375 1509 quemuis
1394 1466 1552 1506 æquum

316 1519 490 1571 judicem
506 1529 570 1557 me
589 1515 635 1556 ab
652 1513 726 1555 hac
734 1517 848 1566 culpa
856 1509 1126 1554 abſoluturum
1144 1509 1238 1554 eſie,
1253 1508 1279 1548 ſi
1298 1519 1381 1548 mea
1399 1504 1553 1558 legerit.

317 1571 474 1615 Vellem
503 1568 671 1613 omnino
697 1564 793 1619 mihi
819 1573 895 1607 non
920 1562 1151 1622 peperciſſet
1174 1563 1251 1605 Vir
1269 1556 1552 1613 experientiſſi-

318 1633 402 1661 mus
427 1623 454 1662 &
467 1618 679 1661 indicaſſet
689 1626 864 1667 quænam
879 1612 957 1658 ſint
973 1612 1035 1655 illa
1050 1613 1169 1653 verba
1182 1622 1260 1654 tam
1278 1620 1364 1651 atro
1379 1601 1555 1649 carbone

319 1675 505 1715 notanda.
556 1668 809 1713 Vocabulum
819 1659 995 1717 putidum
1012 1664 1181 1706 adhibui
1182 1671 1339 1713 pag.203
1359 1662 1422 1702 lin.
1432 1659 1556 1708 vltim,

319 1727 393 1770 ſed
393 1727 440 1768 in
450 1736 500 1763 eo
520 1721 652 1768 ſenſu,
669 1720 738 1770 qui
757 1731 828 1770 per
837 1719 880 1759 ſe
895 1721 950 1761 eſt
964 1718 1259 1759 inſontiſſimus.
1296 1710 1425 1754 Dixi:
1450 1709 1555 1761 longe

322 1777 467 1828 diuerſa
482 1773 544 1827 eſſe
542 1773 692 1825 ſuccum
705 1771 903 1814 nutritium
918 1783 964 1810 ex
978 1768 1126 1812 thorace
1132 1767 1332 1819 ſtillantem
1362 1766 1385 1810 &
1404 1766 1557 1818 ſuccum

322 1828 519 1871 nutritium
536 1838 582 1863 ex
598 1824 673 1877 læſo
688 1823 797 1864 ductu
822 1818 998 1862 thoracico
1017 1817 1259 1871 profluentem
1275 1815 1424 1858 medicis
1440 1813 1557 1856 incul-

323 1893 408 1919 care
423 1889 518 1916 nunc
531 1877 642 1921 velle,
659 1874 703 1910 id
712 1884 800 1912 vero
805 1870 985 1922 putidum
1000 1868 1089 1921 eſſet.
1143 1869 1241 1921 Quæ
1253 1867 1368 1908 verba
1378 1859 1427 1906 ex
1437 1864 1557 1907 indo-

324 1941 360 1974 le
380 1933 510 1980 Latini
530 1929 723 1976 ſermonis
748 1930 860 1973 recte
876 1929 1054 1973 æſtimata
1067 1919 1168 1974 nihil
1185 1925 1373 1968 inſulſum
1391 1913 1558 1972 ſpirant,

326 1988 485 2036 prorſus
500 1992 545 2019 vt
559 1981 721 2029 putidus
737 1986 812 2025 ego
830 1985 942 2016 nunc
957 1976 1074 2015 etiam
1092 1967 1195 2020 ſim,
1206 1975 1235 2013 ſi
1252 1987 1303 2017 ex
1320 1967 1468 2011 Latinæ
1481 1963 1561 2009 lin-

328 2046 409 2087 guæ
426 2035 645 2090 auctoribus
670 2031 828 2080 probare
849 2020 1092 2079 adgrediar,
1112 2026 1297 2075 putidum
1313 2025 1355 2063 id
1372 2022 1480 2070 dici,
1514 2022 1560 2061 in

325 2098 411 2136 quo
440 2082 713 2133 intempeſtiua
741 2080 776 2117 &
808 2088 990 2128 arrogans
1014 2073 1214 2124 diligentia
1239 2065 1558 2127 reprehenditur.

330 2147 380 2187 Et
393 2143 417 2182 ſi
435 2137 528 2192 quid
546 2135 715 2177 omnino
726 2134 868 2176 habere
878 2132 1004 2176 viſum
1017 2130 1144 2173 fuiſſet
1164 2126 1410 2174 vocabulum,
1421 2137 1502 2177 quo
1521 2124 1560 2170 ſe

328 2201 414 2236 lædi
430 2192 537 2246 poſſe
553 2187 757 2240 quisquam
779 2185 995 2234 exiſtimare
1009 2182 1166 2236 poſſet:
1191 2183 1244 2222 ita
1265 2193 1283 2222 a
1300 2193 1363 2226 me
1381 2182 1434 2230 eſt
1453 2176 1564 2223 adhi-

330 2255 460 2281 bitum
484 2254 526 2277 vt
559 2244 600 2275 in
645 2246 706 2276 me
733 2233 858 2274 ſolum
884 2224 1123 2274 redundaret
1151 2227 1280 2275 illud,
1308 2229 1421 2279 quod
1439 2228 1564 2267 mole-

331 2308 431 2338 ſtum
450 2300 543 2337 voci
561 2295 620 2336 iſti
644 2290 792 2335 ineſſet,
825 2291 928 2341 quum
953 2288 1003 2337 de
1022 2300 1083 2327 me
1100 2287 1185 2340 ipſo
1205 2287 1259 2328 ibi
1277 2287 1403 2329 ſermo
1415 2281 1471 2331 ſit,
1482 2281 1563 2335 qui,

331 2365 385 2389 ne
409 2354 571 2400 putidus
591 2346 763 2391 viderer,
778 2342 976 2385 inculcare
990 2337 1121 2388 nolui,
1138 2334 1250 2390 quod
1259 2332 1441 2392 putabam
1457 2338 1566 2377 inter

335 2416 475 2446 omnes
493 2400 673 2445 medicos
692 2396 765 2443 eſſe
788 2393 1041 2441 notiſſimum.
1493 2391 1565 2436 IlI.
