2390 2894
824 479 873 513 19

225 530 278 577 ti,
295 529 413 585 aquila
431 533 469 572 in
486 532 613 588 clypeo,
632 537 760 575 noctua
778 539 818 576 in
834 536 934 589 haſta
954 536 1132 591 conſedit;
1164 540 1229 593 qui
1249 540 1357 583 locus
1374 541 1452 586 hoc

226 586 365 628 modo:
397 589 526 628 noctua
545 593 583 629 in
601 587 729 641 clypeo,
750 591 867 643 aquila
887 594 927 631 in
943 591 1064 645 haſta,
1088 597 1331 639 trajiciendus
1350 603 1454 640 vide-

223 637 333 680 batur
352 642 572 686 RUPERTO,
596 643 716 680 Anim.
733 644 771 681 in
787 641 972 684 Enchirid.
988 651 1103 700 Pomp.
1122 647 1182 687 lib.
1195 662 1225 686 2.
1247 655 1286 685 C.
1302 660 1332 684 2.
1344 664 1386 699 p.
1402 666 1452 688 m.

224 699 289 738 185.
318 706 444 747 neque
469 698 517 739 de
544 698 612 740 illo
632 700 803 747 OROSII,
830 699 959 752 Hiſtor.
976 702 1036 745 lib.
1047 718 1083 752 7.
1102 709 1141 743 C.
1153 718 1187 746 5.
1207 703 1251 743 de
1272 706 1450 761 Caligula:

224 749 292 788 Hic
299 746 479 802 ſiquidem
496 761 621 802 magno
632 748 677 796 &
692 749 895 793 incredibili
910 763 1087 807 apparatu
1099 755 1280 810 profectus
1300 771 1453 814 quærere

223 798 354 852 hoſtem
379 793 519 840 viribus
545 799 659 853 otioſis
687 804 912 844 Germaniam
945 804 1160 859 Galliamque
1178 821 1391 860 percurrens
1412 821 1452 848 in

222 872 288 898 ora
308 861 437 900 Oceani
454 862 545 900 circa
555 862 774 917 proſpectum
794 866 985 906 Britanniæ
1014 865 1157 918 reſtitit.
1215 867 1319 920 Quæ
1336 872 1453 911 verba

223 921 432 968 JOHANNES
457 918 775 960 SARISBERIENSIS
795 922 835 959 in
846 919 1051 963 Policratico
1068 919 1128 965 lib.
1139 931 1170 965 8.
1182 929 1222 966 C.
1233 928 1277 964 18.
1297 924 1451 980 quibus-

223 973 311 1017 dam
331 973 498 1023 trajectis
519 975 679 1018 vocibus
702 979 754 1016 ita
771 975 845 1031 legi
865 979 965 1020 forte
983 978 1121 1022 debere
1144 990 1336 1023 autumat:
1366 987 1453 1023 Ma-

217 1036 292 1079 gno
306 1025 330 1073 &
357 1026 557 1069 incredibili
573 1039 750 1083 apparatu
761 1031 943 1085 profectus
963 1032 1011 1087 eſt
1027 1031 1156 1088 hoſtem
1174 1047 1346 1092 quærere,
1364 1039 1453 1077 otio-

215 1076 333 1130 ſisque
344 1075 485 1118 viribus
498 1081 722 1123 Germaniam
732 1080 949 1135 Galliamque
959 1095 1175 1138 percurrens
1192 1092 1232 1126 in
1249 1102 1312 1126 ora
1322 1094 1454 1128 Oceani

219 1139 300 1180 &c.
329 1141 428 1191 apud
444 1141 499 1182 Cl.
509 1143 804 1186 CANNEGIETER
821 1144 915 1199 Diſſ.
928 1146 973 1186 de
987 1144 1240 1202 Brittenburgo
1250 1158 1290 1202 p.
1301 1154 1356 1193 85.
1371 1150 1452 1193 Sed

223 1193 432 1245 perplacuit
468 1195 560 1238 mihi
598 1197 742 1248 ſemper
773 1197 1019 1251 transpoſitio
1046 1204 1087 1242 in
1114 1202 1240 1245 verbis
1270 1204 1452 1248 VALERII

222 1251 397 1291 MAXIMI
414 1250 473 1289 lib.
490 1265 523 1295 9.
542 1256 581 1289 C.
598 1264 640 1289 II.
656 1255 698 1290 in
711 1258 800 1292 Ext.
819 1254 852 1300 §.
869 1263 901 1294 6.
932 1254 1060 1296 hiſce:

330 1300 444 1342 Ochus
464 1310 604 1345 autem,
633 1303 695 1353 qui
710 1301 825 1355 poſtea
843 1306 977 1346 Darius
998 1306 1189 1360 appellatus
1214 1306 1282 1358 eſt,
1294 1310 1450 1366 ſanctiſ-

317 1352 411 1405 ſimo
428 1352 534 1405 Perſis
540 1355 785 1409 jurejurando
804 1356 1008 1415 obſtrictus,
1037 1372 1082 1398 ne
1101 1372 1207 1415 quem
1224 1373 1272 1399 ex
1286 1364 1448 1417 conjura-

329 1411 444 1453 tione,
473 1421 545 1462 quæ
553 1407 694 1464 ſeptem
712 1416 843 1465 Magos
862 1423 942 1451 cum
960 1425 996 1452 eo
1014 1413 1257 1471 oppreſſerant.
1286 1417 1367 1462 &c.

225 1478 267 1509 ut
287 1467 361 1510 ſcil.
382 1467 548 1521 legatur:

329 1519 442 1563 Ochus
463 1529 603 1565 autem,
633 1520 696 1574 qui
708 1521 824 1576 poſtea
846 1524 977 1564 Darius
1002 1524 1194 1580 appellatus
1213 1526 1279 1579 eſt,
1293 1528 1451 1586 ſanctiſ-

312 1571 406 1626 ſimo
424 1570 531 1627 Perſis
538 1574 781 1631 jurejurando
800 1574 1006 1631 obſtrictus,
1033 1592 1078 1619 ne
1096 1592 1201 1635 quem
1218 1595 1263 1620 ex
1278 1584 1444 1637 conjura-

326 1631 421 1668 tione
423 1626 584 1685 ſeptem,
612 1643 686 1685 quæ
703 1637 833 1686 Magos
851 1644 932 1673 cum
951 1646 988 1673 eo
1005 1634 1225 1691 oppreſſerat.
1257 1638 1338 1681 &c.

218 1686 370 1738 Utpote
395 1698 484 1727 cum
506 1685 584 1727 duo
611 1697 758 1730 tantum
785 1690 925 1731 fuerint
950 1691 1083 1746 Magi,
1111 1704 1193 1732 non
1211 1694 1372 1747 ſeptem,
1401 1695 1447 1738 &

217 1752 352 1781 contra
370 1743 509 1796 ſeptem
532 1744 673 1792 Perſæ,
703 1747 767 1797 qui
788 1748 825 1786 in
845 1757 914 1787 eos
931 1749 1264 1801 conſpiraverant,
1302 1752 1445 1803 quique

217 1796 363 1846 Magos
377 1793 661 1849 oppreſſerant;
690 1802 741 1838 ita
760 1810 803 1839 ut
815 1802 977 1843 SEPTEM
992 1801 1157 1855 elliptice
1173 1804 1339 1849 dicatur,
1351 1817 1447 1856 quo-

218 1849 338 1890 modo
367 1850 444 1889 fere
471 1853 509 1889 in
537 1850 733 1892 notiſſimo
762 1854 830 1893 illo
850 1856 1076 1897 Ciceronis:
1110 1857 1334 1908 Diſcebamus
1354 1872 1446 1897 enim

208 1904 317 1956 pueri
335 1910 614 1951 DUODECIM,
644 1916 688 1945 ut
706 1918 850 1946 carmen
867 1910 1092 1960 neceſſarium
1109 1910 1189 1953 &c.
1229 1912 1319 1963 Qua
1339 1913 1387 1953 de
1404 1927 1444 1955 re

216 1968 265 1995 ex
286 1954 451 2008 profeſſo
472 1959 539 2000 Vir
558 1959 855 2004 Celeberrimus,
877 1965 1074 2001 MICHAEL
1098 1964 1283 2010 ROSSAL,
1319 1961 1442 2019 ſingu-

214 2011 280 2053 lari
303 2008 574 2057 Diſſertatione
593 2013 640 2052 ad
661 2013 764 2056 hunc
785 2016 923 2057 Valerii
943 2018 1086 2059 locum.

748 2080 782 2121 §.
812 2081 918 2119 XX.

297 2119 491 2160 Cæterum
512 2125 749 2162 adfinitatem
771 2131 860 2161 cum
885 2120 957 2161 hac
977 2125 1131 2165 materia
1153 2120 1355 2178 aliqualem
1374 2128 1439 2170 ha-

213 2171 278 2214 bet
292 2179 464 2219 Χιασμος,
487 2184 528 2212 ut
549 2185 724 2220 vocatur,
744 2187 834 2214 ϰατα
855 2189 913 2216 τον
927 2191 973 2218 τȣ
993 2182 1156 2230 Στοιχϵιȣ
1170 2191 1300 2230 τυπον;
1331 2188 1440 2235 Qua-

213 2233 321 2269 tenus
340 2226 493 2279 quidem
514 2240 593 2271 non
612 2228 686 2272 ulla
704 2228 750 2271 fit
770 2230 1033 2285 transpoſitio,
1052 2232 1111 2275 ſed
1129 2234 1285 2278 verbum
1305 2250 1433 2278 tamen

787 2287 842 2331 C
842 2287 881 2331 2

1315 2316 1442 2352 unum
