<PcGts xmlns="http://schema.primaresearch.org/PAGE/gts/pagecontent/2019-07-15" xmlns:xsi="http://www.w3.org/2001/XMLSchema-instance" pcGtsId="PAGE_01" xsi:schemaLocation="http://schema.primaresearch.org/PAGE/gts/pagecontent/2019-07-15 http://schema.primaresearch.org/PAGE/gts/pagecontent/2019-07-15/pagecontent.xsd">
  <Metadata>
    <Creator>OCR-D DFG Phase III</Creator>
    <Created>2024-01-19T13:08:33Z</Created>
    <LastChange>2024-01-19T13:08:33Z</LastChange>
    <Comments>ODEM: OCR-D extension for mass digitization (2021-2024)</Comments>
  </Metadata>
  <Page imageFilename="https://opendata.uni-halle.de/retrieve/154de5a1-62d8-4b00-b7ee-8ccc13597269/00000531.jpg" imageWidth="1533" imageHeight="2326" type="content" primaryLanguage="Latin">
    <Border>
      <Coords points="124,143 137,2272 1326,2251 1309,174"/>
    </Border>
    <ReadingOrder>
      <OrderedGroup id="ro_1655360998998" caption="Regions reading order">
        <RegionRefIndexed index="0" regionRef="TextRegion_1655360061277_64"/>
        <RegionRefIndexed index="1" regionRef="TextRegion_1655360061277_63"/>
        <RegionRefIndexed index="2" regionRef="TextRegion_1655360088154_74"/>
        <RegionRefIndexed index="3" regionRef="TextRegion_1655360088154_73"/>
      </OrderedGroup>
    </ReadingOrder>
    <TextRegion orientation="0.94360995" readingDirection="left-to-right" id="TextRegion_1655360061277_64" custom="readingOrder {index:0;}">
      <Coords points="176,474 1124,474 1124,625 176,625"/>
      <TextLine id="region0004_line0001" custom="readingOrder {index:0;}">
        <Coords points="351,480 345,484 343,495 288,496 286,487 281,483 266,485 262,496 193,497 188,493 178,493 176,550 385,547 391,552 399,552 407,545 415,544 434,557 446,555 448,544 474,540 523,539 524,548 528,553 543,555 558,553 562,541 766,541 931,537 1002,539 1008,545 1018,545 1027,539 1124,535 1123,483 1080,484 1078,475 1048,477 1041,485 1011,482 792,487 744,487 741,475 714,475 712,487 695,488 536,487 427,489 369,494 365,481"/>
        <Baseline points="176,539 502,530 1124,526"/>
        <Word id="region0004_line0001_word0000" custom="readingOrder {index:0;}">
          <Coords points="264,489 262,496 193,497 188,493 181,493 182,547 406,543 405,490 369,494 367,487 344,488 343,495 288,496 286,489"/>
          <TextEquiv conf="0.67425936">
            <Unicode>cationis,</Unicode>
          </TextEquiv>
        </Word>
        <Word id="region0004_line0001_word0001" custom="readingOrder {index:1;}">
          <Coords points="505,498 421,499 421,548 423,549 446,549 448,544 474,540 505,539"/>
          <TextEquiv conf="0.91603714">
            <Unicode>per</Unicode>
          </TextEquiv>
        </Word>
        <Word id="region0004_line0001_word0002" custom="readingOrder {index:2;}">
          <Coords points="658,495 519,497 519,539 523,539 523,546 560,546 562,541 658,541"/>
          <TextEquiv conf="0.91603714">
            <Unicode>quam</Unicode>
          </TextEquiv>
        </Word>
        <Word id="region0004_line0001_word0003" custom="readingOrder {index:3;}">
          <Coords points="680,533 737,532 736,480 713,480 712,487 695,488 679,487"/>
          <TextEquiv conf="0.92547613">
            <Unicode>ad</Unicode>
          </TextEquiv>
        </Word>
        <Word id="region0004_line0001_word0004" custom="readingOrder {index:4;}">
          <Coords points="751,495 1000,490 1001,527 752,532"/>
          <TextEquiv conf="0.57966024">
            <Unicode>terminum,</Unicode>
          </TextEquiv>
        </Word>
        <Word id="region0004_line0001_word0005" custom="readingOrder {index:5;}">
          <Coords points="1050,476 1048,477 1044,481 1045,524 1120,522 1119,483 1080,484 1078,476"/>
          <TextEquiv conf="0.7347811">
            <Unicode>ſeu</Unicode>
          </TextEquiv>
        </Word>
        <TextEquiv conf="0.79104185">
          <Unicode>cationis, per quam ad terminum, ſeu</Unicode>
        </TextEquiv>
      </TextLine>
      <TextLine id="region0004_line0002" custom="readingOrder {index:1;}">
        <Coords points="409,545 396,559 316,564 228,563 226,556 219,551 202,552 191,560 176,560 176,621 259,619 260,628 265,634 285,634 294,630 296,618 368,617 494,608 522,609 531,614 562,611 564,617 570,621 591,620 596,616 598,609 607,608 859,609 865,600 871,600 876,594 875,556 870,552 774,553 772,545 765,541 752,543 748,555 543,556 498,553 434,558 415,545"/>
        <Baseline points="176,612 449,600 872,599"/>
        <Word id="word_1655360061319_67" custom="readingOrder {index:0;}">
          <Coords points="192,559 227,558 228,563 316,564 381,560 382,616 368,617 296,618 295,625 259,625 259,619 191,621 190,560 191,560"/>
          <TextEquiv conf="0.89836764">
            <Unicode>ſcopum</Unicode>
          </TextEquiv>
        </Word>
        <Word id="region0004_line0002_word0001" custom="readingOrder {index:1;}">
          <Coords points="401,554 399,556 400,611 464,610 494,608 522,609 523,609 549,609 548,556 543,556 498,553 434,558 428,554"/>
          <TextEquiv conf="0.8799948">
            <Unicode>ſuum,</Unicode>
          </TextEquiv>
        </Word>
        <Word id="region0004_line0002_word0002" custom="readingOrder {index:2;}">
          <Coords points="749,551 748,555 571,555 572,614 596,613 598,609 607,608 800,608 800,552 774,553 773,551"/>
          <TextEquiv conf="0.88121104">
            <Unicode>pervenit.</Unicode>
          </TextEquiv>
        </Word>
        <TextEquiv conf="0.8865245">
          <Unicode>ſcopum ſuum, pervenit.</Unicode>
        </TextEquiv>
      </TextLine>
      <TextEquiv>
        <Unicode>cationis, per quam ad terminum, ſeu&#13;
ſcopum ſuum, pervenit.</Unicode>
      </TextEquiv>
    </TextRegion>
    <TextRegion orientation="0.94360995" type="heading" readingDirection="left-to-right" id="TextRegion_1655360061277_63" custom="readingOrder {index:1;} structure {type:heading;}">
      <Coords points="176,625 1124,625 1124,682 176,682"/>
      <TextLine id="region0004_line0003" custom="readingOrder {index:0;}">
        <Coords points="451,631 375,635 372,639 374,679 378,682 413,682 887,682 927,682 932,677 931,640 928,636 920,634 712,633 593,629"/>
        <Baseline points="374,678 932,672"/>
        <Word id="region0004_line0003_word0000" custom="readingOrder {index:0;}">
          <Coords points="854,679 853,643 460,649 460,682 657,682"/>
          <TextEquiv conf="0.8394587">
            <Unicode>ILLUSTRATIO.</Unicode>
          </TextEquiv>
        </Word>
        <TextEquiv conf="0.8394587">
          <Unicode>ILLUSTRATIO.</Unicode>
        </TextEquiv>
      </TextLine>
      <TextEquiv>
        <Unicode>ILLUSTRATIO.</Unicode>
      </TextEquiv>
    </TextRegion>
    <TextRegion orientation="0.94360995" readingDirection="left-to-right" id="TextRegion_1655360088154_74" custom="readingOrder {index:2;}">
      <Coords points="185,690 1148,690 1145,1601 182,1624"/>
      <TextLine id="region0005_line0001" custom="readingOrder {index:0;}">
        <Coords points="397,691 385,694 382,707 367,709 315,709 307,708 301,702 289,702 285,705 214,707 209,712 209,747 214,752 215,763 220,765 286,763 307,765 309,770 315,773 324,768 338,768 341,762 370,759 375,756 418,757 536,750 543,754 556,747 566,747 577,753 613,750 619,746 858,746 863,748 863,756 869,759 895,758 907,754 909,748 931,747 943,747 946,753 966,755 973,746 1021,744 1023,752 1029,757 1038,759 1051,752 1060,753 1063,744 1094,745 1104,752 1148,749 1148,709 1131,702 1128,690 1087,690 1085,699 1002,702 999,694 995,691 976,691 964,703 934,704 919,703 916,696 909,691 896,691 885,702 781,705 779,697 774,692 759,693 752,704 742,703 737,692 726,690 721,692 717,700 711,700 669,696 597,696 583,694 577,691"/>
        <Baseline points="215,756 632,737 1148,739"/>
        <Word id="region0005_line0001_word0000" custom="readingOrder {index:0;}">
          <Coords points="274,708 275,763 286,763 292,764 341,763 341,762 370,759 375,756 409,757 409,705 382,706 382,707 367,709 315,709 307,708 306,707"/>
          <TextEquiv>
            <Unicode>Apoc.</Unicode>
          </TextEquiv>
        </Word>
        <Word id="region0005_line0001_word0001" custom="readingOrder {index:1;}">
          <Coords points="558,701 426,703 426,753 505,751 536,750 538,751 548,751 556,747 558,747"/>
          <TextEquiv>
            <Unicode>XIX,</Unicode>
          </TextEquiv>
        </Word>
        <Word id="region0005_line0001_word0002" custom="readingOrder {index:2;}">
          <Coords points="575,709 609,708 609,748 575,749"/>
          <TextEquiv conf="0.53736335">
            <Unicode>8.</Unicode>
          </TextEquiv>
        </Word>
        <Word id="region0005_line0001_word0003" custom="readingOrder {index:3;}">
          <Coords points="645,708 688,708 688,739 645,739"/>
          <TextEquiv conf="0.808397">
            <Unicode>Et</Unicode>
          </TextEquiv>
        </Word>
        <Word id="region0005_line0001_word0004" custom="readingOrder {index:4;}">
          <Coords points="717,698 717,700 711,700 705,699 705,739 860,737 859,702 781,705 779,698 755,698 752,704 742,703 739,698"/>
          <TextEquiv conf="0.89473474">
            <Unicode>dabatur</Unicode>
          </TextEquiv>
        </Word>
        <Word id="region0005_line0001_word0005" custom="readingOrder {index:5;}">
          <Coords points="891,695 885,702 871,702 872,752 907,751 909,748 931,747 943,747 944,750 969,750 973,746 999,744 999,694 972,694 964,703 934,704 919,703 916,696 915,695"/>
          <TextEquiv conf="0.89473474">
            <Unicode>ſponſæ</Unicode>
          </TextEquiv>
        </Word>
        <Word id="region0005_line0001_word0006" custom="readingOrder {index:6;}">
          <Coords points="1122,746 1121,691 1086,691 1085,699 1014,701 1014,744 1021,744 1021,746 1062,746 1063,744 1094,745 1095,746"/>
          <TextEquiv conf="0.9231729">
            <Unicode>agni,</Unicode>
          </TextEquiv>
        </Word>
        <TextEquiv>
          <Unicode>Apoc. XIX, 8. Et dabatur ſponſæ agni,</Unicode>
        </TextEquiv>
      </TextLine>
      <TextLine id="region0005_line0002" custom="readingOrder {index:1;}">
        <Coords points="556,748 540,757 462,759 393,766 390,759 375,757 368,761 368,768 355,770 339,771 324,769 315,774 298,771 292,765 277,765 263,772 186,776 185,818 238,818 240,825 251,830 264,827 269,818 320,812 336,814 415,809 480,802 527,801 532,810 542,811 551,801 614,799 617,801 618,813 623,816 629,816 638,806 652,815 661,815 671,799 678,799 685,802 747,805 749,811 756,816 767,814 774,804 839,803 901,808 916,808 924,802 929,802 935,811 941,807 954,808 988,804 1148,799 1148,759 1101,760 1099,749 1094,746 1079,746 1076,760 1062,761 1060,754 1056,753 1048,754 1038,761 1011,761 994,761 992,754 987,749 972,750 969,760 964,755 945,753 939,758 902,755 895,759 794,761 700,760 697,750 692,747 665,747 652,757 638,758 637,749 634,747 619,747 613,751 612,757 575,757 574,752 569,749"/>
        <Baseline points="185,808 479,792 921,797 1148,790"/>
        <Word id="region0005_line0002_word0000" custom="readingOrder {index:0;}">
          <Coords points="191,801 238,800 238,773 191,775"/>
          <TextEquiv conf="0.90731215">
            <Unicode>ut</Unicode>
          </TextEquiv>
        </Word>
        <Word id="region0005_line0002_word0001" custom="readingOrder {index:1;}">
          <Coords points="248,814 292,813 292,765 277,765 263,772 248,772"/>
          <TextEquiv conf="0.87393934">
            <Unicode>ſe</Unicode>
          </TextEquiv>
        </Word>
        <Word id="region0005_line0002_word0002" custom="readingOrder {index:2;}">
          <Coords points="369,759 368,761 368,768 355,770 339,771 324,769 315,773 316,800 472,797 471,758 462,759 393,766 390,759"/>
          <TextEquiv conf="0.91613007">
            <Unicode>indueret</Unicode>
          </TextEquiv>
        </Word>
        <Word id="region0005_line0002_word0003" custom="readingOrder {index:3;}">
          <Coords points="545,753 540,757 493,758 493,801 527,801 528,804 548,803 551,801 585,799 585,757 575,757 574,753"/>
          <TextEquiv conf="0.88798684">
            <Unicode>veſte</Unicode>
          </TextEquiv>
        </Word>
        <Word id="region0005_line0002_word0004" custom="readingOrder {index:4;}">
          <Coords points="613,752 614,799 614,799 617,801 618,809 636,809 638,806 642,809 665,808 671,799 678,799 685,802 734,804 733,760 700,760 697,751 660,751 652,757 638,758 637,752"/>
          <TextEquiv>
            <Unicode>byſſina</Unicode>
          </TextEquiv>
        </Word>
        <Word id="region0005_line0002_word0005" custom="readingOrder {index:5;}">
          <Coords points="757,765 843,763 843,802 757,804"/>
          <TextEquiv conf="0.88816065">
            <Unicode>pura</Unicode>
          </TextEquiv>
        </Word>
        <Word id="region0005_line0002_word0006" custom="readingOrder {index:6;}">
          <Coords points="872,791 904,790 903,755 902,755 895,759 871,759"/>
          <TextEquiv conf="0.88816065">
            <Unicode>&amp;</Unicode>
          </TextEquiv>
        </Word>
        <Word id="region0005_line0002_word0007" custom="readingOrder {index:7;}">
          <Coords points="932,799 1125,796 1124,759 1101,760 1099,749 1094,746 1079,746 1076,760 1062,761 1060,754 1056,753 1048,754 1038,761 1011,761 994,761 992,754 987,749 972,750 969,760 964,755 945,753 939,758 931,757"/>
          <TextEquiv conf="0.87930375">
            <Unicode>ſplendida.</Unicode>
          </TextEquiv>
        </Word>
        <TextEquiv>
          <Unicode>ut ſe indueret veſte byſſina pura &amp; ſplendida.</Unicode>
        </TextEquiv>
      </TextLine>
      <TextLine id="region0005_line0003" custom="readingOrder {index:2;}">
        <Coords points="671,800 662,817 653,817 641,807 629,817 579,813 484,817 482,809 478,806 456,807 451,811 440,811 434,821 412,823 398,824 395,814 390,811 365,813 351,826 338,827 335,815 329,813 314,815 311,828 251,831 231,825 186,826 185,878 316,869 317,881 322,885 334,886 348,877 363,882 370,877 376,867 552,856 752,858 775,859 782,868 793,867 797,859 845,857 1017,858 1025,866 1037,866 1044,860 1148,860 1148,821 1104,818 1073,819 1071,810 1065,805 1054,806 1044,820 1027,819 1025,809 1021,804 1006,805 1001,812 1001,819 981,819 967,818 961,807 941,808 935,812 929,803 924,803 916,809 919,818 794,819 790,805 776,805 768,819 759,820 694,818 687,803"/>
        <Baseline points="185,867 518,848 1148,850"/>
        <Word id="region0005_line0003_word0000" custom="readingOrder {index:0;}">
          <Coords points="197,854 294,852 293,828 251,831 231,825 196,825"/>
          <TextEquiv conf="0.882401">
            <Unicode>Nam</Unicode>
          </TextEquiv>
        </Word>
        <Word id="region0005_line0003_word0001" custom="readingOrder {index:1;}">
          <Coords points="314,866 415,864 414,822 412,823 398,824 395,814 390,811 365,813 351,826 338,827 335,815 329,813 314,815 313,818"/>
          <TextEquiv conf="0.8838798">
            <Unicode>byſſus</Unicode>
          </TextEquiv>
        </Word>
        <Word id="region0005_line0003_word0002" custom="readingOrder {index:2;}">
          <Coords points="452,809 451,811 440,811 435,818 436,848 490,847 489,816 484,817 482,809"/>
          <TextEquiv conf="0.9198468">
            <Unicode>illa</Unicode>
          </TextEquiv>
        </Word>
        <Word id="region0005_line0003_word0003" custom="readingOrder {index:3;}">
          <Coords points="506,819 577,818 578,845 507,846"/>
          <TextEquiv conf="0.9223999">
            <Unicode>erat</Unicode>
          </TextEquiv>
        </Word>
        <Word id="region0005_line0003_word0004" custom="readingOrder {index:4;}">
          <Coords points="594,846 645,845 644,809 641,807 629,817 593,814"/>
          <TextEquiv>
            <Unicode>τὰ</Unicode>
          </TextEquiv>
        </Word>
        <Word id="region0005_line0003_word0005" custom="readingOrder {index:5;}">
          <Coords points="670,800 665,810 666,853 891,849 890,818 794,819 790,805 776,805 768,819 759,820 694,818 687,803 675,800"/>
          <TextEquiv>
            <Unicode>διϰαιώματα</Unicode>
          </TextEquiv>
        </Word>
        <Word id="region0005_line0003_word0006" custom="readingOrder {index:6;}">
          <Coords points="909,839 971,838 970,818 967,818 961,807 941,808 935,812 929,803 924,803 916,809 919,818 908,818"/>
          <TextEquiv>
            <Unicode>τῶν</Unicode>
          </TextEquiv>
        </Word>
        <Word id="word_1655360473442_144" custom="readingOrder {index:7;}">
          <Coords points="1006,805 1013,804 1021,804 1065,805 1124,819 1125,844 1021,845 999,838 998,819 1001,812"/>
          <TextEquiv>
            <Unicode>ἁγίων,</Unicode>
          </TextEquiv>
        </Word>
        <TextEquiv>
          <Unicode>Nam byſſus illa erat τὰ διϰαιώματα τῶν ἁγίων,</Unicode>
        </TextEquiv>
      </TextLine>
      <TextLine id="region0005_line0004" custom="readingOrder {index:3;}">
        <Coords points="506,859 498,862 489,876 457,877 451,867 441,867 434,875 424,875 418,869 390,869 376,881 360,883 348,878 334,887 306,886 300,882 292,882 286,876 278,876 270,887 186,890 185,933 306,928 316,929 320,937 330,939 352,928 356,936 366,938 378,935 385,925 472,918 475,926 485,929 494,927 504,917 553,914 662,914 687,919 696,927 707,925 716,919 810,916 877,919 1148,913 1147,875 1095,870 1024,869 1017,859 999,861 996,870 956,869 950,868 942,861 933,861 927,865 921,859 908,858 896,861 890,869 851,870 849,863 844,859 824,859 814,869 761,871 757,861 737,859 730,861 724,870 658,872 597,870 595,861 589,857 567,858 559,861 553,871 527,872 522,859"/>
        <Baseline points="185,922 520,906 1148,904"/>
        <Word id="region0005_line0004_word0000" custom="readingOrder {index:0;}">
          <Coords points="198,913 320,911 319,886 306,886 300,882 292,882 286,876 278,876 270,887 197,889"/>
          <TextEquiv conf="0.88050324">
            <Unicode>merita</Unicode>
          </TextEquiv>
        </Word>
        <Word id="region0005_line0004_word0001" custom="readingOrder {index:1;}">
          <Coords points="389,869 376,881 360,883 348,878 334,887 325,886 326,922 455,919 471,918 471,876 457,877 451,868 439,868 434,875 424,875 418,869"/>
          <TextEquiv>
            <Unicode>juſtitiæ</Unicode>
          </TextEquiv>
        </Word>
        <Word id="region0005_line0004_word0002" custom="readingOrder {index:2;}">
          <Coords points="496,863 489,876 481,876 482,920 501,919 504,917 553,914 662,914 674,916 709,916 708,870 658,872 597,870 595,861 558,862 553,871 527,872 523,863"/>
          <TextEquiv conf="0.8985873">
            <Unicode>ſanctorum,</Unicode>
          </TextEquiv>
        </Word>
        <Word id="region0005_line0004_word0003" custom="readingOrder {index:3;}">
          <Coords points="728,862 727,865 728,906 799,905 798,869 761,871 757,862"/>
          <TextEquiv conf="0.87712264">
            <Unicode>ſeu</Unicode>
          </TextEquiv>
        </Word>
        <Word id="region0005_line0004_word0004" custom="readingOrder {index:4;}">
          <Coords points="820,863 818,865 819,904 969,901 968,869 956,869 950,868 942,861 933,861 927,865 923,861 896,861 890,869 851,870 849,863 848,862"/>
          <TextEquiv conf="0.9035045">
            <Unicode>ſanctis</Unicode>
          </TextEquiv>
        </Word>
        <Word id="region0005_line0004_word0005" custom="readingOrder {index:5;}">
          <Coords points="993,900 1128,898 1127,873 1095,870 1024,869 1017,859 999,861 996,870 992,869"/>
          <TextEquiv conf="0.89804983">
            <Unicode>dona-</Unicode>
          </TextEquiv>
        </Word>
        <TextEquiv>
          <Unicode>merita juſtitiæ ſanctorum, ſeu ſanctis dona-</Unicode>
        </TextEquiv>
      </TextLine>
      <TextLine id="region0005_line0005" custom="readingOrder {index:4;}">
        <Coords points="645,915 638,926 524,926 518,919 505,919 494,928 485,930 460,922 430,921 385,926 379,938 366,939 327,940 293,933 254,931 236,936 227,942 185,944 185,993 271,991 307,984 337,987 424,980 437,980 443,986 454,986 463,979 513,973 523,975 532,972 573,972 636,977 900,972 944,975 946,980 973,979 978,984 986,986 1007,974 1081,970 1148,972 1148,923 1138,923 1133,915 1120,916 1116,924 1076,922 1072,916 1064,915 1044,917 1038,924 906,926 904,920 898,917 883,920 879,926 828,925 825,918 818,917 810,917 802,924 790,926 696,928 668,926 665,916"/>
        <Baseline points="185,981 525,962 1148,961"/>
        <Word id="region0005_line0005_word0000" custom="readingOrder {index:0;}">
          <Coords points="199,945 242,944 243,977 200,978"/>
          <TextEquiv conf="0.91232604">
            <Unicode>ta</Unicode>
          </TextEquiv>
        </Word>
        <Word id="region0005_line0005_word0001" custom="readingOrder {index:1;}">
          <Coords points="255,935 256,976 381,974 380,935 379,938 366,939 327,940 299,934"/>
          <TextEquiv conf="0.35438126">
            <Unicode>Rom.</Unicode>
          </TextEquiv>
        </Word>
        <Word id="region0005_line0005_word0002" custom="readingOrder {index:2;}">
          <Coords points="398,931 456,930 457,979 399,980"/>
          <TextEquiv conf="0.6867297">
            <Unicode>V,</Unicode>
          </TextEquiv>
        </Word>
        <Word id="region0005_line0005_word0003" custom="readingOrder {index:3;}">
          <Coords points="472,930 473,973 530,972 529,929 486,930 485,930 484,930"/>
          <TextEquiv conf="0.71677965">
            <Unicode>16.</Unicode>
          </TextEquiv>
        </Word>
        <Word id="region0005_line0005_word0004" custom="readingOrder {index:4;}">
          <Coords points="638,924 638,926 550,926 551,970 902,964 901,920 882,920 879,926 828,925 826,921 804,921 802,924 790,926 696,928 668,926 667,923"/>
          <TextEquiv conf="0.8830605">
            <Unicode>condemnationi</Unicode>
          </TextEquiv>
        </Word>
        <Word id="region0005_line0005_word0005" custom="readingOrder {index:5;}">
          <Coords points="1043,919 1038,924 924,926 925,974 944,975 944,976 1006,974 1007,974 1081,970 1130,971 1129,917 1119,917 1116,924 1076,922 1073,918"/>
          <TextEquiv conf="0.8768703">
            <Unicode>oppoſita.</Unicode>
          </TextEquiv>
        </Word>
        <TextEquiv conf="0.7383579">
          <Unicode>ta Rom. V, 16. condemnationi oppoſita.</Unicode>
        </TextEquiv>
      </TextLine>
      <TextLine id="region0005_line0006" custom="readingOrder {index:5;}">
        <Coords points="513,974 454,987 377,991 363,990 359,986 321,990 307,985 292,987 283,995 276,997 185,1001 186,1049 316,1046 331,1043 337,1046 364,1045 370,1050 380,1051 392,1048 395,1043 441,1037 448,1033 482,1034 517,1030 553,1029 562,1033 593,1035 597,1040 603,1041 616,1036 646,1033 672,1036 678,1031 692,1034 750,1033 756,1030 770,1029 784,1032 789,1039 795,1040 812,1029 930,1028 939,1034 946,1034 953,1028 1034,1027 1039,1036 1058,1032 1064,1027 1148,1024 1148,981 1089,984 1087,974 1081,971 1062,974 1052,986 1010,986 1007,975 986,987 976,986 973,980 926,983 919,976 900,973 876,975 867,985 851,986 842,986 839,976 835,974 818,975 806,984 788,984 786,977 781,974 767,975 759,984 758,977 753,974 738,974 733,977 732,984 622,988 620,978 612,975 573,973 532,973 523,976"/>
        <Baseline points="186,1038 355,1034 520,1020 609,1025 1148,1014"/>
        <Word id="region0005_line0006_word0000" custom="readingOrder {index:0;}">
          <Coords points="291,987 283,995 276,997 200,1000 201,1036 317,1034 316,988 312,987"/>
          <TextEquiv conf="0.84975743">
            <Unicode>conf.</Unicode>
          </TextEquiv>
        </Word>
        <Word id="region0005_line0006_word0001" custom="readingOrder {index:1;}">
          <Coords points="332,992 333,1044 335,1045 395,1044 395,1043 441,1037 448,1033 463,1033 462,989 378,991 377,991 377,991"/>
          <TextEquiv>
            <Unicode>Apoc.</Unicode>
          </TextEquiv>
        </Word>
        <Word id="region0005_line0006_word0002" custom="readingOrder {index:2;}">
          <Coords points="475,998 510,998 511,1026 476,1026"/>
          <TextEquiv conf="0.6659748">
            <Unicode>c.</Unicode>
          </TextEquiv>
        </Word>
        <Word id="region0005_line0006_word0003" custom="readingOrder {index:3;}">
          <Coords points="614,1036 613,983 523,984 523,1029 553,1029 562,1033 593,1035 593,1036"/>
          <TextEquiv conf="0.41869122">
            <Unicode>VII,</Unicode>
          </TextEquiv>
        </Word>
        <Word id="region0005_line0006_word0004" custom="readingOrder {index:4;}">
          <Coords points="686,996 629,997 629,1034 646,1033 666,1035 672,1035 678,1031 686,1032"/>
          <TextEquiv>
            <Unicode>14.</Unicode>
          </TextEquiv>
        </Word>
        <Word id="region0005_line0006_word0005" custom="readingOrder {index:5;}">
          <Coords points="732,980 732,984 708,984 709,1025 783,1024 782,980 762,980 759,984 758,980"/>
          <TextEquiv conf="0.9278848">
            <Unicode>ubi</Unicode>
          </TextEquiv>
        </Word>
        <Word id="region0005_line0006_word0006" custom="readingOrder {index:6;}">
          <Coords points="806,984 806,984 793,984 794,1033 806,1033 812,1029 918,1028 917,982 869,983 867,985 851,986 842,986 841,983"/>
          <TextEquiv conf="0.91812897">
            <Unicode>ſancti</Unicode>
          </TextEquiv>
        </Word>
        <Word id="region0005_line0006_word0007" custom="readingOrder {index:7;}">
          <Coords points="938,983 939,1031 949,1030 953,1028 1034,1027 1035,1029 1037,1029 1036,986 1010,986 1008,981 995,981 986,987 976,986 974,982"/>
          <TextEquiv conf="0.5315752">
            <Unicode>ſtolas</Unicode>
          </TextEquiv>
        </Word>
        <Word id="region0005_line0006_word0008" custom="readingOrder {index:8;}">
          <Coords points="1058,977 1052,986 1043,986 1044,1032 1058,1031 1064,1027 1128,1024 1128,982 1089,984 1087,977"/>
          <TextEquiv conf="0.91363055">
            <Unicode>ſuas</Unicode>
          </TextEquiv>
        </Word>
        <TextEquiv>
          <Unicode>conf. Apoc. c. VII, 14. ubi ſancti ſtolas ſuas</Unicode>
        </TextEquiv>
      </TextLine>
      <TextLine id="region0005_line0007" custom="readingOrder {index:6;}">
        <Coords points="517,1031 478,1039 470,1039 469,1035 462,1032 448,1034 442,1037 441,1042 394,1047 380,1052 367,1049 340,1050 331,1044 319,1045 314,1048 313,1053 290,1054 276,1055 269,1047 253,1049 250,1056 242,1055 236,1047 185,1050 185,1123 198,1124 216,1120 227,1111 242,1106 334,1102 354,1096 381,1097 402,1091 449,1094 456,1090 466,1089 476,1099 492,1098 505,1091 620,1088 638,1092 746,1093 752,1101 765,1101 774,1092 914,1086 918,1092 935,1099 945,1098 949,1084 1016,1084 1028,1080 1034,1096 1051,1094 1057,1084 1148,1083 1148,1029 1119,1028 1115,1031 1080,1032 1075,1027 1064,1028 1046,1037 1039,1037 1034,1031 1028,1031 1022,1035 1019,1042 1011,1042 978,1041 976,1033 972,1030 939,1035 930,1029 919,1029 914,1033 912,1041 901,1041 890,1040 888,1034 882,1031 872,1031 864,1040 855,1039 848,1030 838,1030 834,1033 823,1030 812,1030 798,1041 777,1040 775,1033 770,1030 753,1032 749,1034 748,1041 701,1042 695,1041 693,1035 685,1032 675,1033 672,1037 646,1034 641,1037 639,1042 603,1042 565,1040 553,1030"/>
        <Baseline points="185,1106 213,1098 408,1083 1148,1072"/>
        <Word id="region0005_line0007_word0000" custom="readingOrder {index:0;}">
          <Coords points="204,1048 196,1049 197,1114 223,1113 227,1111 242,1106 334,1102 354,1096 381,1097 402,1091 435,1093 435,1045 408,1045 394,1047 380,1052 367,1049 340,1050 335,1046 315,1046 314,1048 313,1053 290,1054 276,1055 269,1047 261,1047 253,1049 250,1056 242,1055 236,1048"/>
          <TextEquiv>
            <Unicode>[nimirum</Unicode>
          </TextEquiv>
        </Word>
        <Word id="region0005_line0007_word0001" custom="readingOrder {index:1;}">
          <Coords points="451,1044 451,1092 456,1090 466,1089 476,1099 492,1098 505,1091 620,1088 630,1090 630,1042 603,1042 595,1041"/>
          <TextEquiv conf="0.82616115">
            <Unicode>byſſinas</Unicode>
          </TextEquiv>
        </Word>
        <Word id="region0005_line0007_word0002" custom="readingOrder {index:2;}">
          <Coords points="644,1042 645,1087 735,1086 734,1041 701,1042 697,1041"/>
          <TextEquiv conf="0.88006884">
            <Unicode>illas</Unicode>
          </TextEquiv>
        </Word>
        <Word id="region0005_line0007_word0003" custom="readingOrder {index:3;}">
          <Coords points="755,1039 756,1097 769,1096 774,1092 914,1086 918,1092 923,1094 941,1094 940,1036 913,1036 912,1041 901,1041 890,1040 888,1036 866,1037 864,1040 855,1039 853,1037 801,1038 798,1041 777,1040 776,1038"/>
          <TextEquiv conf="0.8560031">
            <Unicode>juſtitiæ]</Unicode>
          </TextEquiv>
        </Word>
        <Word id="region0005_line0007_word0004" custom="readingOrder {index:4;}">
          <Coords points="956,1040 956,1084 1016,1084 1028,1080 1032,1090 1053,1090 1057,1084 1075,1083 1075,1038 1020,1038 1019,1042 1011,1042 978,1041 977,1039"/>
          <TextEquiv>
            <Unicode>laviſſe</Unicode>
          </TextEquiv>
        </Word>
        <Word id="word_1655360589370_193" custom="readingOrder {index:5;}">
          <Coords points="1092,1039 1128,1039 1128,1079 1092,1079"/>
          <TextEquiv>
            <Unicode>&amp;</Unicode>
          </TextEquiv>
        </Word>
        <TextEquiv>
          <Unicode>[nimirum byſſinas illas juſtitiæ] laviſſe &amp;</Unicode>
        </TextEquiv>
      </TextLine>
      <TextLine id="region0005_line0008" custom="readingOrder {index:7;}">
        <Coords points="456,1091 450,1099 429,1099 423,1093 407,1092 394,1094 388,1100 375,1100 369,1096 354,1097 340,1102 334,1107 301,1112 242,1115 236,1108 216,1121 198,1125 185,1124 186,1163 229,1161 231,1169 249,1171 259,1167 260,1159 314,1154 318,1162 327,1163 336,1157 363,1150 402,1149 407,1146 453,1148 462,1145 475,1144 480,1147 577,1146 590,1150 601,1144 640,1145 645,1156 664,1159 676,1157 682,1145 776,1144 782,1157 795,1159 811,1157 819,1144 871,1144 916,1148 1148,1142 1148,1095 1115,1096 1112,1088 1106,1085 1092,1086 1087,1095 1034,1097 1029,1082 1022,1081 1016,1085 1017,1096 935,1100 918,1093 914,1087 909,1087 847,1092 841,1101 787,1102 728,1101 719,1093 708,1093 701,1103 648,1102 635,1101 629,1092 620,1089 610,1089 598,1096 516,1096 476,1100 468,1091"/>
        <Baseline points="186,1152 407,1137 1148,1132"/>
        <Word id="region0005_line0008_word0000" custom="readingOrder {index:0;}">
          <Coords points="374,1104 336,1104 334,1107 301,1112 242,1115 236,1108 216,1121 202,1124 203,1161 259,1160 260,1159 314,1154 316,1159 333,1158 336,1157 363,1150 374,1149"/>
          <TextEquiv conf="0.88955003">
            <Unicode>depuraſſe</Unicode>
          </TextEquiv>
        </Word>
        <Word id="region0005_line0008_word0001" custom="readingOrder {index:1;}">
          <Coords points="383,1101 384,1144 586,1140 585,1097 486,1098 476,1100 475,1099"/>
          <TextEquiv conf="0.8194935">
            <Unicode>dicuntur</Unicode>
          </TextEquiv>
        </Word>
        <Word id="region0005_line0008_word0002" custom="readingOrder {index:2;}">
          <Coords points="583,1097 583,1148 590,1150 601,1144 640,1145 643,1152 678,1151 682,1145 755,1144 755,1101 728,1101 720,1094 706,1094 701,1103 648,1102 635,1101 631,1096"/>
          <TextEquiv conf="0.8867943">
            <Unicode>ſanguine</Unicode>
          </TextEquiv>
        </Word>
        <Word id="region0005_line0008_word0003" custom="readingOrder {index:3;}">
          <Coords points="862,1099 842,1099 841,1101 787,1102 769,1101 769,1144 776,1144 778,1149 815,1149 819,1144 862,1144"/>
          <TextEquiv conf="0.2897538">
            <Unicode>agni.</Unicode>
          </TextEquiv>
        </Word>
        <Word id="region0005_line0008_word0004" custom="readingOrder {index:4;}">
          <Coords points="879,1094 880,1137 978,1135 977,1097 935,1100 918,1093"/>
          <TextEquiv conf="0.90890855">
            <Unicode>Huc</Unicode>
          </TextEquiv>
        </Word>
        <Word id="region0005_line0008_word0005" custom="readingOrder {index:5;}">
          <Coords points="1017,1085 1016,1085 1017,1096 985,1098 986,1135 1130,1133 1129,1096 1115,1096 1112,1088 1106,1085 1092,1086 1087,1095 1034,1097 1030,1084"/>
          <TextEquiv conf="0.91757834">
            <Unicode>omni-</Unicode>
          </TextEquiv>
        </Word>
        <TextEquiv conf="0.78534645">
          <Unicode>depuraſſe dicuntur ſanguine agni. Huc omni-</Unicode>
        </TextEquiv>
      </TextLine>
      <TextLine id="region0005_line0009" custom="readingOrder {index:8;}">
        <Coords points="462,1146 457,1148 455,1153 435,1153 426,1147 407,1147 392,1155 361,1158 358,1153 353,1153 336,1158 327,1164 317,1162 263,1167 249,1172 185,1171 186,1223 365,1210 376,1206 441,1204 746,1208 984,1204 1005,1205 1011,1210 1041,1205 1044,1211 1051,1213 1067,1211 1070,1203 1148,1200 1148,1151 925,1156 905,1155 898,1148 887,1146 834,1147 819,1145 811,1158 799,1160 754,1157 664,1160 614,1155 612,1149 606,1145 592,1151 577,1147 561,1147 555,1154 529,1154 503,1154 499,1151 484,1154 482,1149 475,1145"/>
        <Baseline points="186,1210 390,1195 1148,1190"/>
        <Word id="region0005_line0009_word0000" custom="readingOrder {index:0;}">
          <Coords points="199,1174 264,1173 265,1207 200,1208"/>
          <TextEquiv>
            <Unicode>no</Unicode>
          </TextEquiv>
        </Word>
        <Word id="region0005_line0009_word0001" custom="readingOrder {index:1;}">
          <Coords points="280,1203 392,1201 391,1158 334,1159 327,1164 317,1162 279,1165"/>
          <TextEquiv conf="0.9132029">
            <Unicode>refer</Unicode>
          </TextEquiv>
        </Word>
        <Word id="region0005_line0009_word0002" custom="readingOrder {index:2;}">
          <Coords points="399,1156 400,1202 548,1199 547,1154 529,1154 503,1154 503,1154"/>
          <TextEquiv conf="0.82528746">
            <Unicode>ſtolam</Unicode>
          </TextEquiv>
        </Word>
        <Word id="region0005_line0009_word0003" custom="readingOrder {index:3;}">
          <Coords points="561,1154 562,1198 678,1196 677,1159 664,1160 614,1155 613,1153"/>
          <TextEquiv conf="0.90154386">
            <Unicode>illam</Unicode>
          </TextEquiv>
        </Word>
        <Word id="region0005_line0009_word0004" custom="readingOrder {index:4;}">
          <Coords points="816,1149 811,1158 799,1160 754,1157 696,1158 697,1207 1028,1204 1027,1156 925,1156 905,1155 898,1148 896,1147"/>
          <TextEquiv conf="0.8916631">
            <Unicode>mundiſſimam,</Unicode>
          </TextEquiv>
        </Word>
        <Word id="region0005_line0009_word0005" custom="readingOrder {index:5;}">
          <Coords points="1133,1151 1049,1153 1050,1208 1068,1207 1070,1203 1133,1200"/>
          <TextEquiv conf="0.89604956">
            <Unicode>quæ</Unicode>
          </TextEquiv>
        </Word>
        <TextEquiv>
          <Unicode>no refer ſtolam illam mundiſſimam, quæ</Unicode>
        </TextEquiv>
      </TextLine>
      <TextLine id="region0005_line0010" custom="readingOrder {index:9;}">
        <Coords points="468,1204 461,1213 412,1213 406,1206 376,1207 369,1210 368,1216 186,1229 186,1278 260,1276 291,1272 300,1268 318,1270 352,1263 395,1265 416,1261 434,1271 439,1270 446,1261 459,1261 519,1265 520,1269 535,1273 548,1271 556,1262 688,1264 720,1261 733,1265 755,1266 1013,1261 1148,1253 1148,1215 1126,1212 849,1215 812,1214 806,1206 790,1206 785,1209 784,1215 715,1215 702,1215 695,1207 678,1208 675,1215 659,1215 632,1214 625,1206 609,1207 606,1213 487,1213 484,1205"/>
        <Baseline points="186,1266 343,1254 801,1255 1148,1244"/>
        <Word id="region0005_line0010_word0000" custom="readingOrder {index:0;}">
          <Coords points="204,1230 305,1228 306,1261 205,1263"/>
          <TextEquiv conf="0.8912691">
            <Unicode>cum</Unicode>
          </TextEquiv>
        </Word>
        <Word id="region0005_line0010_word0001" custom="readingOrder {index:1;}">
          <Coords points="368,1213 368,1216 328,1219 329,1268 352,1263 395,1265 416,1261 426,1266 442,1266 446,1261 459,1261 506,1264 505,1213 487,1213 486,1211 462,1212 461,1213 412,1213 412,1213"/>
          <TextEquiv conf="0.9091069">
            <Unicode>reliquis</Unicode>
          </TextEquiv>
        </Word>
        <Word id="region0005_line0010_word0002" custom="readingOrder {index:2;}">
          <Coords points="607,1210 606,1213 528,1213 529,1267 551,1266 556,1262 688,1264 717,1261 717,1215 715,1215 702,1215 697,1209 677,1209 675,1215 659,1215 632,1214 628,1210"/>
          <TextEquiv conf="0.8775769">
            <Unicode>purioris</Unicode>
          </TextEquiv>
        </Word>
        <Word id="region0005_line0010_word0003" custom="readingOrder {index:3;}">
          <Coords points="787,1207 785,1209 784,1215 738,1215 739,1251 880,1249 879,1214 849,1215 812,1214 806,1207"/>
          <TextEquiv conf="0.90157837">
            <Unicode>cultus</Unicode>
          </TextEquiv>
        </Word>
        <Word id="region0005_line0010_word0004" custom="readingOrder {index:4;}">
          <Coords points="901,1217 1132,1213 1133,1244 902,1248"/>
          <TextEquiv conf="0.90157837">
            <Unicode>ornamen-</Unicode>
          </TextEquiv>
        </Word>
        <TextEquiv conf="0.89622194">
          <Unicode>cum reliquis purioris cultus ornamen-</Unicode>
        </TextEquiv>
      </TextLine>
      <TextLine id="region0005_line0011" custom="readingOrder {index:10;}">
        <Coords points="416,1262 400,1265 396,1272 372,1272 368,1266 352,1264 339,1269 335,1274 318,1275 315,1270 300,1269 292,1272 288,1278 245,1283 242,1277 226,1276 220,1279 218,1285 186,1285 186,1333 323,1325 391,1325 437,1320 492,1320 503,1311 514,1321 604,1318 609,1321 773,1319 798,1324 800,1332 809,1335 826,1334 830,1324 983,1318 1148,1316 1148,1254 1062,1260 1034,1270 1030,1263 1024,1260 1011,1262 1007,1271 946,1272 943,1264 925,1262 920,1264 918,1273 911,1273 891,1272 889,1265 882,1263 867,1265 865,1272 857,1272 852,1265 838,1264 830,1273 784,1274 738,1273 734,1266 720,1262 702,1265 696,1274 676,1274 659,1273 653,1264 644,1263 626,1265 621,1271 575,1272 573,1265 556,1263 548,1272 535,1274 521,1270 477,1269 467,1267 459,1262 446,1262 439,1271 434,1272"/>
        <Baseline points="186,1322 451,1309 819,1314 1148,1306"/>
        <Word id="region0005_line0011_word0000" custom="readingOrder {index:0;}">
          <Coords points="219,1283 218,1285 203,1285 204,1326 263,1325 262,1282 252,1282 245,1283 245,1282"/>
          <TextEquiv conf="0.9139405">
            <Unicode>tis</Unicode>
          </TextEquiv>
        </Word>
        <Word id="region0005_line0011_word0001" custom="readingOrder {index:1;}">
          <Coords points="290,1275 288,1278 284,1278 285,1322 494,1319 503,1311 511,1318 536,1318 535,1274 535,1274 525,1271 331,1274 318,1275 318,1274"/>
          <TextEquiv conf="0.8695619">
            <Unicode>deſcribitur</Unicode>
          </TextEquiv>
        </Word>
        <Word id="region0005_line0011_word0002" custom="readingOrder {index:2;}">
          <Coords points="555,1274 601,1273 602,1315 556,1316"/>
          <TextEquiv conf="0.91344887">
            <Unicode>in</Unicode>
          </TextEquiv>
        </Word>
        <Word id="region0005_line0011_word0003" custom="readingOrder {index:3;}">
          <Coords points="624,1271 625,1315 766,1313 765,1273 738,1273 735,1269 698,1269 696,1274 676,1274 659,1273 657,1270"/>
          <TextEquiv conf="0.91344887">
            <Unicode>ſancto</Unicode>
          </TextEquiv>
        </Word>
        <Word id="region0005_line0011_word0004" custom="readingOrder {index:4;}">
          <Coords points="836,1266 830,1273 784,1274 781,1274 782,1321 798,1324 798,1325 830,1324 830,1324 983,1318 1056,1317 1055,1263 1054,1263 1034,1270 1030,1263 1010,1264 1007,1271 946,1272 943,1265 920,1265 918,1273 911,1273 891,1272 889,1265 867,1266 865,1272 857,1272 853,1266"/>
          <TextEquiv conf="0.9053448">
            <Unicode>epithalamio</Unicode>
          </TextEquiv>
        </Word>
        <Word id="region0005_line0011_word0005" custom="readingOrder {index:5;}">
          <Coords points="1073,1265 1132,1264 1133,1307 1074,1308"/>
          <TextEquiv conf="0.7761532">
            <Unicode>Pſ.</Unicode>
          </TextEquiv>
        </Word>
        <TextEquiv conf="0.88198304">
          <Unicode>tis deſcribitur in ſancto epithalamio Pſ.</Unicode>
        </TextEquiv>
      </TextLine>
      <TextLine id="region0005_line0012" custom="readingOrder {index:11;}">
        <Coords points="594,1319 580,1322 577,1326 551,1328 491,1326 382,1330 364,1326 334,1326 186,1334 186,1395 227,1394 233,1391 251,1394 270,1389 290,1391 309,1389 321,1381 345,1382 393,1379 413,1373 452,1377 461,1369 466,1368 471,1374 493,1376 500,1368 504,1368 521,1375 532,1373 540,1377 571,1379 576,1385 593,1377 617,1379 622,1376 634,1376 641,1380 667,1381 709,1381 713,1378 725,1378 740,1382 772,1381 779,1388 788,1388 796,1381 823,1381 832,1377 885,1382 1148,1376 1148,1317 1103,1316 1086,1318 1082,1325 1077,1327 1045,1329 1004,1328 1002,1321 998,1319 983,1319 977,1324 952,1321 878,1324 856,1334 793,1336 792,1325 783,1321 609,1322"/>
        <Baseline points="186,1385 403,1366 500,1368 506,1368 729,1372 1148,1366"/>
        <Word id="region0005_line0012_word0000" custom="readingOrder {index:0;}">
          <Coords points="344,1341 204,1344 204,1394 227,1394 233,1391 251,1394 270,1389 290,1391 309,1389 321,1381 344,1381"/>
          <TextEquiv conf="0.78020567">
            <Unicode>XLV.</Unicode>
          </TextEquiv>
        </Word>
        <Word id="region0005_line0012_word0001" custom="readingOrder {index:1;}">
          <Coords points="457,1348 377,1349 377,1379 393,1379 413,1373 452,1377 457,1371"/>
          <TextEquiv conf="0.8784799">
            <Unicode>nec</Unicode>
          </TextEquiv>
        </Word>
        <Word id="region0005_line0012_word0002" custom="readingOrder {index:2;}">
          <Coords points="567,1378 566,1347 474,1348 474,1374 493,1376 500,1368 504,1368 521,1375 532,1373 540,1377 557,1378"/>
          <TextEquiv conf="0.89448947">
            <Unicode>non</Unicode>
          </TextEquiv>
        </Word>
        <Word id="region0005_line0012_word0003" custom="readingOrder {index:3;}">
          <Coords points="657,1335 579,1337 579,1383 593,1377 617,1379 622,1376 634,1376 641,1380 657,1380"/>
          <TextEquiv conf="0.89448947">
            <Unicode>Jeſ.</Unicode>
          </TextEquiv>
        </Word>
        <Word id="region0005_line0012_word0004" custom="readingOrder {index:4;}">
          <Coords points="791,1335 674,1337 674,1381 709,1381 713,1378 725,1378 740,1382 772,1381 777,1386 790,1386 791,1384"/>
          <TextEquiv conf="0.8876776">
            <Unicode>LXI,</Unicode>
          </TextEquiv>
        </Word>
        <Word id="region0005_line0012_word0005" custom="readingOrder {index:5;}">
          <Coords points="806,1347 857,1346 858,1375 807,1376"/>
          <TextEquiv>
            <Unicode>10.</Unicode>
          </TextEquiv>
        </Word>
        <Word id="region0005_line0012_word0006" custom="readingOrder {index:6;}">
          <Coords points="914,1333 971,1332 972,1374 915,1375"/>
          <TextEquiv conf="0.90021056">
            <Unicode>Et</Unicode>
          </TextEquiv>
        </Word>
        <Word id="region0005_line0012_word0007" custom="readingOrder {index:7;}">
          <Coords points="985,1329 986,1373 1074,1371 1073,1327 1045,1329 1016,1328"/>
          <TextEquiv conf="0.90251184">
            <Unicode>hæc</Unicode>
          </TextEquiv>
        </Word>
        <Word id="region0005_line0012_word0008" custom="readingOrder {index:8;}">
          <Coords points="1088,1326 1134,1325 1135,1369 1089,1370"/>
          <TextEquiv conf="0.90251184">
            <Unicode>il-</Unicode>
          </TextEquiv>
        </Word>
        <TextEquiv>
          <Unicode>XLV. nec non Jeſ. LXI, 10. Et hæc il-</Unicode>
        </TextEquiv>
      </TextLine>
      <TextLine id="region0005_line0013" custom="readingOrder {index:12;}">
        <Coords points="461,1370 452,1378 457,1383 456,1386 440,1385 438,1378 433,1376 413,1374 391,1380 388,1388 381,1389 345,1391 341,1384 321,1382 313,1386 307,1394 285,1395 275,1390 265,1391 256,1397 250,1397 242,1392 233,1392 226,1396 219,1394 186,1396 186,1450 272,1448 274,1454 287,1456 298,1454 303,1451 304,1445 314,1443 360,1440 373,1436 392,1438 485,1433 496,1429 569,1428 580,1433 603,1429 619,1433 676,1432 683,1442 696,1440 701,1432 749,1431 755,1436 764,1436 768,1433 774,1437 786,1434 801,1435 817,1442 826,1435 839,1433 900,1436 1003,1434 1008,1445 1014,1443 1026,1432 1148,1431 1148,1389 1082,1389 1075,1380 1064,1382 1060,1389 990,1391 971,1389 969,1383 964,1380 943,1381 938,1384 928,1383 921,1391 896,1391 890,1390 887,1383 881,1381 870,1381 867,1388 863,1389 850,1385 846,1379 832,1378 822,1382 820,1386 752,1391 730,1390 729,1382 725,1379 711,1380 706,1390 642,1389 641,1381 634,1377 618,1379 615,1388 604,1387 601,1378 589,1379 576,1387 572,1387 565,1380 553,1379 545,1387 541,1387 540,1378 532,1374 521,1376 501,1369 494,1377 475,1376 466,1369"/>
        <Baseline points="186,1439 520,1419 930,1426 1148,1421"/>
        <Word id="region0005_line0013_word0000" custom="readingOrder {index:0;}">
          <Coords points="205,1431 245,1430 245,1393 242,1392 233,1392 226,1396 219,1394 205,1394"/>
          <TextEquiv conf="0.26296836">
            <Unicode>la</Unicode>
          </TextEquiv>
        </Word>
        <Word id="region0005_line0013_word0001" custom="readingOrder {index:1;}">
          <Coords points="350,1390 345,1391 341,1384 321,1382 313,1386 307,1394 285,1395 275,1390 265,1390 266,1443 341,1441 350,1440"/>
          <TextEquiv conf="0.8334982">
            <Unicode>ipſa</Unicode>
          </TextEquiv>
        </Word>
        <Word id="region0005_line0013_word0002" custom="readingOrder {index:2;}">
          <Coords points="399,1377 391,1380 388,1388 381,1389 380,1389 380,1426 439,1425 439,1381 438,1378 435,1377"/>
          <TextEquiv conf="0.7708725">
            <Unicode>eſt</Unicode>
          </TextEquiv>
        </Word>
        <Word id="region0005_line0013_word0003" custom="readingOrder {index:3;}">
          <Coords points="471,1425 483,1425 483,1376 475,1376 471,1372"/>
          <TextEquiv>
            <Unicode>ἡ</Unicode>
          </TextEquiv>
        </Word>
        <Word id="region0005_line0013_word0004" custom="readingOrder {index:4;}">
          <Coords points="502,1370 502,1424 595,1422 595,1378 589,1379 576,1387 572,1387 565,1380 553,1379 545,1387 541,1387 540,1378 532,1374 521,1376 503,1369"/>
          <TextEquiv>
            <Unicode>ϛολή</Unicode>
          </TextEquiv>
        </Word>
        <Word id="region0005_line0013_word0005" custom="readingOrder {index:5;}">
          <Coords points="614,1421 633,1421 633,1378 626,1378 618,1379 615,1388 614,1387"/>
          <TextEquiv>
            <Unicode>ἡ</Unicode>
          </TextEquiv>
        </Word>
        <Word id="region0005_line0013_word0006" custom="readingOrder {index:6;}">
          <Coords points="649,1427 784,1425 784,1388 752,1391 730,1390 729,1382 725,1379 711,1380 706,1390 649,1389"/>
          <TextEquiv>
            <Unicode>πϱώτη,</Unicode>
          </TextEquiv>
        </Word>
        <Word id="region0005_line0013_word0007" custom="readingOrder {index:7;}">
          <Coords points="810,1426 897,1424 897,1391 896,1391 890,1390 887,1383 881,1381 870,1381 867,1388 863,1389 850,1385 846,1379 832,1378 822,1382 820,1386 810,1386"/>
          <TextEquiv conf="0.0">
            <Unicode>ſtola</Unicode>
          </TextEquiv>
        </Word>
        <Word id="region0005_line0013_word0008" custom="readingOrder {index:8;}">
          <Coords points="920,1415 983,1414 983,1390 971,1389 969,1383 964,1380 943,1381 938,1384 928,1383 921,1391 920,1391"/>
          <TextEquiv conf="0.8941315">
            <Unicode>illa</Unicode>
          </TextEquiv>
        </Word>
        <Word id="region0005_line0013_word0009" custom="readingOrder {index:9;}">
          <Coords points="1012,1423 1134,1421 1134,1389 1082,1389 1075,1380 1064,1382 1060,1389 1012,1390"/>
          <TextEquiv conf="0.8729557">
            <Unicode>prima</Unicode>
          </TextEquiv>
        </Word>
        <TextEquiv>
          <Unicode>la ipſa eſt ἡ ϛολή ἡ πϱώτη, ſtola illa prima</Unicode>
        </TextEquiv>
      </TextLine>
      <TextLine id="region0005_line0014" custom="readingOrder {index:13;}">
        <Coords points="373,1437 365,1440 364,1446 359,1448 303,1452 287,1457 276,1455 240,1455 228,1449 215,1450 209,1454 186,1454 186,1511 219,1514 227,1512 234,1507 243,1515 255,1515 264,1512 266,1507 314,1503 319,1500 339,1502 424,1495 430,1492 473,1492 518,1486 565,1491 612,1491 624,1488 638,1493 789,1497 1042,1492 1095,1495 1110,1503 1148,1499 1148,1438 1131,1439 1119,1432 1109,1432 1101,1441 1097,1441 1091,1435 1079,1435 1071,1445 1039,1445 1032,1433 1026,1433 1012,1445 984,1446 979,1435 962,1436 957,1446 903,1447 861,1446 858,1437 849,1434 836,1435 831,1443 819,1444 801,1436 794,1444 752,1445 750,1439 743,1434 734,1434 725,1444 718,1444 635,1440 607,1442 459,1442 391,1446 388,1439"/>
        <Baseline points="186,1498 547,1478 811,1487 1148,1486"/>
        <Word id="region0005_line0014_word0000" custom="readingOrder {index:0;}">
          <Coords points="212,1451 209,1454 204,1454 205,1507 284,1505 314,1503 319,1500 339,1502 358,1500 358,1449 340,1449 303,1452 287,1457 276,1455 240,1455 232,1451"/>
          <TextEquiv conf="0.7869743">
            <Unicode>(quam</Unicode>
          </TextEquiv>
        </Word>
        <Word id="region0005_line0014_word0001" custom="readingOrder {index:1;}">
          <Coords points="372,1444 372,1488 557,1485 557,1442 495,1442 445,1442 391,1446 390,1443"/>
          <TextEquiv conf="0.90422326">
            <Unicode>humana</Unicode>
          </TextEquiv>
        </Word>
        <Word id="region0005_line0014_word0002" custom="readingOrder {index:2;}">
          <Coords points="568,1452 716,1449 716,1484 568,1487"/>
          <TextEquiv conf="0.91468245">
            <Unicode>natura</Unicode>
          </TextEquiv>
        </Word>
        <Word id="region0005_line0014_word0003" custom="readingOrder {index:3;}">
          <Coords points="732,1442 732,1483 776,1482 776,1444 752,1445 750,1441"/>
          <TextEquiv conf="0.89288473">
            <Unicode>in</Unicode>
          </TextEquiv>
        </Word>
        <Word id="region0005_line0014_word0004" custom="readingOrder {index:4;}">
          <Coords points="798,1438 794,1444 788,1444 788,1484 954,1481 954,1446 903,1447 861,1446 858,1437 834,1438 831,1443 819,1444 806,1438"/>
          <TextEquiv conf="0.89288473">
            <Unicode>Adamo</Unicode>
          </TextEquiv>
        </Word>
        <Word id="region0005_line0014_word0005" custom="readingOrder {index:5;}">
          <Coords points="1024,1433 1012,1445 984,1446 979,1435 965,1435 966,1493 1137,1490 1136,1438 1131,1439 1119,1432 1108,1432 1101,1441 1097,1441 1091,1435 1079,1435 1071,1445 1039,1445 1032,1433"/>
          <TextEquiv conf="0.925185">
            <Unicode>habuit)</Unicode>
          </TextEquiv>
        </Word>
        <TextEquiv conf="0.8861391">
          <Unicode>(quam humana natura in Adamo habuit)</Unicode>
        </TextEquiv>
      </TextLine>
      <TextLine id="region0005_line0015" custom="readingOrder {index:14;}">
        <Coords points="505,1487 496,1492 453,1502 448,1502 446,1496 441,1493 430,1493 423,1497 422,1503 337,1507 330,1501 319,1501 312,1509 271,1511 255,1516 243,1516 234,1508 227,1513 219,1515 186,1513 186,1563 224,1563 239,1560 254,1563 260,1569 278,1569 292,1561 340,1557 349,1552 459,1551 463,1557 474,1557 484,1549 504,1547 651,1549 666,1556 678,1556 688,1552 760,1554 800,1556 807,1562 818,1562 825,1557 964,1554 970,1565 981,1566 994,1563 998,1553 1112,1550 1148,1546 1148,1505 1110,1504 1105,1501 1052,1501 1048,1494 1042,1493 1029,1493 1020,1497 1003,1496 998,1504 976,1503 972,1496 964,1494 946,1496 939,1504 841,1505 813,1504 806,1496 791,1497 787,1503 638,1500 635,1492 625,1489 611,1492 610,1499 586,1500 564,1498 558,1490"/>
        <Baseline points="186,1553 486,1539 817,1547 1148,1537"/>
        <Word id="region0005_line0015_word0000" custom="readingOrder {index:0;}">
          <Coords points="231,1509 227,1513 219,1515 208,1514 208,1549 251,1548 251,1516 243,1516 235,1509"/>
          <TextEquiv conf="0.9304975">
            <Unicode>&amp;</Unicode>
          </TextEquiv>
        </Word>
        <Word id="region0005_line0015_word0001" custom="readingOrder {index:1;}">
          <Coords points="477,1496 453,1502 448,1502 446,1496 441,1493 430,1493 423,1497 422,1503 337,1507 330,1501 319,1501 312,1509 271,1511 263,1513 264,1565 285,1564 292,1561 340,1557 349,1552 459,1551 463,1557 474,1557 477,1553"/>
          <TextEquiv conf="0.3969217">
            <Unicode>primaria,</Unicode>
          </TextEquiv>
        </Word>
        <Word id="region0005_line0015_word0002" custom="readingOrder {index:2;}">
          <Coords points="499,1489 496,1492 493,1492 493,1548 504,1547 589,1548 588,1499 586,1500 564,1498 558,1490 540,1489"/>
          <TextEquiv>
            <Unicode>filio</Unicode>
          </TextEquiv>
        </Word>
        <Word id="region0005_line0015_word0003" custom="readingOrder {index:3;}">
          <Coords points="610,1493 610,1499 604,1499 604,1548 651,1549 657,1552 821,1550 820,1504 813,1504 806,1496 791,1497 787,1503 638,1500 635,1493"/>
          <TextEquiv conf="0.9134537">
            <Unicode>degeneri,</Unicode>
          </TextEquiv>
        </Word>
        <Word id="region0005_line0015_word0004" custom="readingOrder {index:4;}">
          <Coords points="836,1536 878,1536 878,1504 841,1505 836,1504"/>
          <TextEquiv conf="0.8950997">
            <Unicode>at</Unicode>
          </TextEquiv>
        </Word>
        <Word id="region0005_line0015_word0005" custom="readingOrder {index:5;}">
          <Coords points="894,1550 1138,1546 1137,1504 1110,1504 1105,1501 1052,1501 1048,1494 1042,1493 1029,1493 1020,1497 1003,1496 998,1504 976,1503 972,1496 964,1494 946,1496 939,1504 893,1504"/>
          <TextEquiv conf="0.9232734">
            <Unicode>reſipiſcen-</Unicode>
          </TextEquiv>
        </Word>
        <TextEquiv>
          <Unicode>&amp; primaria, filio degeneri, at reſipiſcen-</Unicode>
        </TextEquiv>
      </TextLine>
      <TextLine id="region0005_line0016" custom="readingOrder {index:15;}">
        <Coords points="499,1548 484,1550 474,1558 429,1560 411,1558 405,1553 378,1552 368,1555 367,1560 363,1554 349,1553 339,1558 337,1563 295,1564 278,1570 248,1569 247,1564 239,1561 230,1561 221,1568 186,1569 186,1619 241,1619 246,1624 257,1624 264,1617 308,1610 460,1611 524,1605 530,1607 593,1611 646,1611 674,1605 684,1608 693,1616 701,1617 714,1611 747,1611 757,1608 787,1609 833,1605 838,1600 838,1569 828,1564 786,1561 700,1564 698,1556 693,1553 678,1557 666,1557 651,1550 630,1550 580,1551 534,1555"/>
        <Baseline points="186,1610 311,1600 838,1595"/>
        <Word id="region0005_line0016_word0000" custom="readingOrder {index:0;}">
          <Coords points="221,1568 221,1568 207,1568 208,1618 263,1617 262,1569 248,1569 248,1567"/>
          <TextEquiv conf="0.9063288">
            <Unicode>ti,</Unicode>
          </TextEquiv>
        </Word>
        <Word id="region0005_line0016_word0001" custom="readingOrder {index:1;}">
          <Coords points="284,1610 463,1608 463,1562 304,1563 295,1564 284,1567"/>
          <TextEquiv conf="0.8239975">
            <Unicode>reddita.</Unicode>
          </TextEquiv>
        </Word>
        <Word id="region0005_line0016_word0002" custom="readingOrder {index:2;}">
          <Coords points="502,1560 588,1558 588,1603 502,1605"/>
          <TextEquiv conf="0.5589635">
            <Unicode>Luc.</Unicode>
          </TextEquiv>
        </Word>
        <Word id="word_1655360088195_77" custom="readingOrder {index:3;}">
          <Coords points="621,1554 659,1554 666,1557 678,1557 693,1553 698,1556 700,1564 700,1612 689,1612 684,1608 674,1605 646,1611 622,1611"/>
          <TextEquiv conf="0.898779">
            <Unicode>XV,</Unicode>
          </TextEquiv>
        </Word>
        <Word id="region0005_line0016_word0004" custom="readingOrder {index:4;}">
          <Coords points="724,1572 777,1571 777,1599 724,1600"/>
          <TextEquiv conf="0.45644677">
            <Unicode>22.</Unicode>
          </TextEquiv>
        </Word>
        <TextEquiv conf="0.7289031">
          <Unicode>ti, reddita. Luc. XV, 22.</Unicode>
        </TextEquiv>
      </TextLine>
      <TextEquiv>
        <Unicode>Apoc. XIX, 8. Et dabatur ſponſæ agni,&#13;
ut ſe indueret veſte byſſina pura &amp; ſplendida.&#13;
Nam byſſus illa erat τὰ διϰαιώματα τῶν ἁγίων,&#13;
merita juſtitiæ ſanctorum, ſeu ſanctis dona-&#13;
ta Rom. V, 16. condemnationi oppoſita.&#13;
conf. Apoc. c. VII, 14. ubi ſancti ſtolas ſuas&#13;
[nimirum byſſinas illas juſtitiæ] laviſſe &amp;&#13;
depuraſſe dicuntur ſanguine agni. Huc omni-&#13;
no refer ſtolam illam mundiſſimam, quæ&#13;
cum reliquis purioris cultus ornamen-&#13;
tis deſcribitur in ſancto epithalamio Pſ.&#13;
XLV. nec non Jeſ. LXI, 10. Et hæc il-&#13;
la ipſa eſt ἡ ϛολή ἡ πϱώτη, ſtola illa prima&#13;
(quam humana natura in Adamo habuit)&#13;
&amp; primaria, filio degeneri, at reſipiſcen-&#13;
ti, reddita. Luc. XV, 22.</Unicode>
      </TextEquiv>
    </TextRegion>
    <TextRegion orientation="0.94360995" readingDirection="left-to-right" id="TextRegion_1655360088154_73" custom="readingOrder {index:3;}">
      <Coords points="182,1624 1145,1601 1144,2025 181,2025"/>
      <TextLine id="region0005_line0017" custom="readingOrder {index:0;}">
        <Coords points="518,1606 510,1609 508,1615 355,1617 340,1611 326,1610 264,1618 256,1629 232,1629 228,1632 227,1669 233,1674 312,1673 484,1662 492,1665 618,1666 999,1666 1143,1658 1147,1657 1148,1649 1148,1615 1139,1605 1127,1607 1122,1616 1086,1616 984,1615 973,1614 960,1605 935,1606 920,1609 914,1619 850,1622 844,1617 836,1617 830,1612 819,1612 815,1608 803,1607 794,1612 792,1622 784,1622 773,1620 771,1610 763,1609 750,1610 746,1612 745,1617 699,1618 690,1617 684,1609 674,1606 664,1606 654,1610 651,1616 643,1617 534,1614 531,1608"/>
        <Baseline points="227,1664 459,1655 914,1656 1148,1648"/>
        <Word id="word_1655360088197_78" custom="readingOrder {index:0;}">
          <Coords points="294,1621 394,1619 394,1664 294,1665"/>
          <TextEquiv conf="0.91529566">
            <Unicode>Huc</Unicode>
          </TextEquiv>
        </Word>
        <Word id="word_1655360088198_80" custom="readingOrder {index:1;}">
          <Coords points="408,1619 584,1614 591,1615 591,1654 408,1657"/>
          <TextEquiv conf="0.8755144">
            <Unicode>omnino</Unicode>
          </TextEquiv>
        </Word>
        <Word id="word_1655360088198_82" custom="readingOrder {index:2;}">
          <Coords points="608,1616 643,1617 651,1616 651,1613 686,1612 690,1617 699,1618 722,1617 722,1654 608,1656"/>
          <TextEquiv conf="0.9141208">
            <Unicode>refer</Unicode>
          </TextEquiv>
        </Word>
        <Word id="region0005_line0017_word0003" custom="readingOrder {index:3;}">
          <Coords points="748,1610 747,1611 747,1653 902,1650 902,1619 850,1622 844,1617 836,1617 830,1612 819,1612 816,1609 797,1610 794,1612 792,1622 784,1622 773,1620 771,1610"/>
          <TextEquiv conf="0.9096679">
            <Unicode>habitum</Unicode>
          </TextEquiv>
        </Word>
        <Word id="region0005_line0017_word0004" custom="readingOrder {index:4;}">
          <Coords points="925,1607 920,1609 920,1651 1044,1649 1043,1615 984,1615 973,1614 963,1607"/>
          <TextEquiv conf="0.9074043">
            <Unicode>illum</Unicode>
          </TextEquiv>
        </Word>
        <Word id="region0005_line0017_word0005" custom="readingOrder {index:5;}">
          <Coords points="1073,1645 1138,1643 1138,1606 1131,1606 1127,1607 1122,1616 1086,1616 1073,1615"/>
          <TextEquiv conf="0.92116636">
            <Unicode>no-</Unicode>
          </TextEquiv>
        </Word>
        <TextEquiv conf="0.9071949">
          <Unicode>Huc omnino refer habitum illum no-</Unicode>
        </TextEquiv>
      </TextLine>
      <TextLine id="region0005_line0018" custom="readingOrder {index:1;}">
        <Coords points="472,1663 467,1665 467,1673 463,1677 330,1679 277,1686 186,1690 185,1733 364,1727 401,1720 463,1719 470,1712 478,1712 485,1718 533,1717 545,1725 580,1724 596,1732 605,1721 610,1720 655,1724 670,1731 696,1722 734,1725 764,1724 777,1726 891,1725 907,1737 916,1735 918,1726 999,1721 1147,1723 1148,1667 1123,1667 1116,1663 1059,1673 1020,1672 1011,1665 971,1665 966,1669 949,1668 944,1675 933,1676 840,1677 613,1673 492,1675 489,1665"/>
        <Baseline points="186,1723 526,1708 817,1716 1147,1712"/>
        <Word id="region0005_line0018_word0000" custom="readingOrder {index:0;}">
          <Coords points="210,1689 297,1687 297,1715 210,1717"/>
          <TextEquiv conf="0.8860608">
            <Unicode>vum</Unicode>
          </TextEquiv>
        </Word>
        <Word id="region0005_line0018_word0001" custom="readingOrder {index:1;}">
          <Coords points="311,1683 358,1682 358,1713 311,1714"/>
          <TextEquiv conf="0.7754219">
            <Unicode>ac</Unicode>
          </TextEquiv>
        </Word>
        <Word id="region0005_line0018_word0002" custom="readingOrder {index:2;}">
          <Coords points="467,1667 467,1673 463,1677 370,1678 371,1721 398,1720 401,1720 463,1719 470,1712 478,1712 485,1718 533,1717 535,1718 557,1718 556,1673 492,1675 489,1667"/>
          <TextEquiv conf="0.8950982">
            <Unicode>mundum,</Unicode>
          </TextEquiv>
        </Word>
        <Word id="region0005_line0018_word0003" custom="readingOrder {index:3;}">
          <Coords points="681,1720 681,1675 573,1677 573,1722 605,1721 605,1721 610,1720 622,1721"/>
          <TextEquiv conf="0.6138521">
            <Unicode>quo,</Unicode>
          </TextEquiv>
        </Word>
        <Word id="region0005_line0018_word0004" custom="readingOrder {index:4;}">
          <Coords points="701,1677 701,1709 874,1706 874,1676 840,1677 771,1675"/>
          <TextEquiv conf="0.9197333">
            <Unicode>remoto</Unicode>
          </TextEquiv>
        </Word>
        <Word id="region0005_line0018_word0005" custom="readingOrder {index:5;}">
          <Coords points="897,1719 1075,1716 1074,1670 1059,1673 1020,1672 1011,1665 971,1665 966,1669 949,1668 944,1675 933,1676 896,1676"/>
          <TextEquiv conf="0.89033544">
            <Unicode>priſtino</Unicode>
          </TextEquiv>
        </Word>
        <Word id="region0005_line0018_word0006" custom="readingOrder {index:6;}">
          <Coords points="1094,1704 1137,1703 1136,1667 1123,1667 1116,1663 1093,1667"/>
          <TextEquiv conf="0.9295033">
            <Unicode>&amp;</Unicode>
          </TextEquiv>
        </Word>
        <TextEquiv conf="0.84428644">
          <Unicode>vum ac mundum, quo, remoto priſtino &amp;</Unicode>
        </TextEquiv>
      </TextLine>
      <TextLine id="region0005_line0019" custom="readingOrder {index:2;}">
        <Coords points="470,1713 462,1722 452,1724 438,1733 419,1733 416,1723 405,1721 392,1724 390,1734 377,1735 234,1744 226,1735 214,1736 206,1746 186,1747 186,1797 272,1795 296,1790 322,1791 398,1785 435,1784 440,1788 450,1788 457,1784 560,1780 620,1782 643,1780 648,1783 681,1784 691,1790 705,1789 711,1783 764,1781 775,1784 794,1782 834,1786 1037,1781 1147,1783 1148,1731 1020,1731 1015,1722 1007,1722 995,1724 994,1732 922,1735 910,1738 891,1726 879,1727 872,1736 794,1737 778,1735 771,1726 764,1725 747,1725 741,1730 735,1730 720,1729 715,1724 696,1723 686,1726 685,1730 670,1732 632,1730 630,1725 619,1721 605,1722 596,1733 580,1725 577,1725 574,1731 564,1730 558,1726 545,1726 533,1718 485,1719 478,1713"/>
        <Baseline points="186,1787 580,1770 1147,1773"/>
        <Word id="region0005_line0019_word0000" custom="readingOrder {index:0;}">
          <Coords points="396,1722 392,1724 390,1734 377,1735 234,1744 226,1735 214,1736 211,1739 212,1780 455,1776 454,1723 452,1724 438,1733 419,1733 416,1723 414,1722"/>
          <TextEquiv conf="0.8841951">
            <Unicode>immundo,</Unicode>
          </TextEquiv>
        </Word>
        <Word id="region0005_line0019_word0001" custom="readingOrder {index:1;}">
          <Coords points="681,1780 680,1730 670,1732 632,1730 630,1725 619,1721 605,1722 596,1733 580,1725 577,1725 574,1731 564,1730 558,1726 545,1726 533,1718 487,1718 487,1782 560,1780 598,1781 634,1780 643,1780 643,1780"/>
          <TextEquiv conf="0.89268994">
            <Unicode>Chriſtus</Unicode>
          </TextEquiv>
        </Word>
        <Word id="region0005_line0019_word0002" custom="readingOrder {index:2;}">
          <Coords points="703,1775 850,1772 849,1736 794,1737 778,1735 771,1726 764,1725 747,1725 741,1730 735,1730 720,1729 715,1724 702,1723"/>
          <TextEquiv conf="0.89268994">
            <Unicode>Joſuam</Unicode>
          </TextEquiv>
        </Word>
        <Word id="region0005_line0019_word0003" custom="readingOrder {index:3;}">
          <Coords points="876,1763 1140,1758 1139,1731 1020,1731 1015,1722 1007,1722 995,1724 994,1732 922,1735 910,1738 891,1726 879,1727 875,1731"/>
          <TextEquiv conf="0.8960493">
            <Unicode>ſacerdotem</Unicode>
          </TextEquiv>
        </Word>
        <TextEquiv conf="0.8914061">
          <Unicode>immundo, Chriſtus Joſuam ſacerdotem</Unicode>
        </TextEquiv>
      </TextLine>
      <TextLine id="region0005_line0020" custom="readingOrder {index:3;}">
        <Coords points="631,1781 626,1783 624,1789 437,1790 313,1798 309,1792 296,1791 283,1802 186,1804 185,1855 221,1858 230,1861 237,1857 251,1856 257,1861 270,1864 286,1860 286,1853 291,1851 344,1849 361,1843 389,1845 419,1840 509,1838 614,1836 669,1840 674,1844 725,1835 734,1839 788,1837 793,1840 828,1842 974,1840 992,1841 994,1848 1006,1851 1018,1848 1021,1840 1147,1838 1148,1791 1000,1790 905,1793 898,1785 885,1786 879,1794 867,1794 818,1792 810,1784 780,1783 773,1789 764,1782 751,1782 746,1785 745,1790 706,1792 650,1788 643,1781"/>
        <Baseline points="186,1843 599,1826 1147,1828"/>
        <Word id="region0005_line0020_word0000" custom="readingOrder {index:0;}">
          <Coords points="291,1794 283,1802 213,1803 213,1854 287,1852 291,1851 344,1849 361,1843 389,1845 409,1841 409,1792 404,1792 313,1798 310,1794"/>
          <TextEquiv conf="0.8447742">
            <Unicode>typicum</Unicode>
          </TextEquiv>
        </Word>
        <Word id="region0005_line0020_word0001" custom="readingOrder {index:1;}">
          <Coords points="439,1792 439,1839 509,1838 614,1836 639,1837 691,1837 690,1790 657,1788"/>
          <TextEquiv conf="0.893609">
            <Unicode>exornavit,</Unicode>
          </TextEquiv>
        </Word>
        <Word id="region0005_line0020_word0002" custom="readingOrder {index:2;}">
          <Coords points="745,1785 745,1790 717,1791 718,1831 855,1829 854,1793 818,1792 810,1784 777,1785 773,1789 768,1785"/>
          <TextEquiv conf="0.9053645">
            <Unicode>addita</Unicode>
          </TextEquiv>
        </Word>
        <Word id="region0005_line0020_word0003" custom="readingOrder {index:3;}">
          <Coords points="886,1789 887,1840 1141,1835 1140,1790 1000,1790 905,1793 901,1788"/>
          <TextEquiv conf="0.9166701">
            <Unicode>interpreta-</Unicode>
          </TextEquiv>
        </Word>
        <TextEquiv conf="0.8901045">
          <Unicode>typicum exornavit, addita interpreta-</Unicode>
        </TextEquiv>
      </TextLine>
      <TextLine id="region0005_line0021" custom="readingOrder {index:4;}">
        <Coords points="602,1837 595,1844 543,1843 447,1848 436,1848 431,1841 419,1841 414,1843 411,1849 393,1851 381,1851 374,1844 361,1844 348,1854 285,1861 270,1865 255,1862 251,1857 237,1858 230,1862 221,1859 186,1861 185,1910 313,1909 448,1900 462,1897 471,1898 473,1905 486,1908 492,1907 497,1895 501,1893 534,1895 558,1891 605,1895 627,1894 645,1896 650,1900 662,1899 667,1895 702,1897 707,1905 732,1897 839,1900 1147,1896 1148,1889 1147,1847 1077,1848 1075,1842 1070,1840 1056,1841 1052,1849 1006,1852 996,1849 924,1846 919,1841 912,1840 899,1841 894,1846 854,1850 843,1841 832,1841 826,1848 821,1848 815,1847 813,1842 807,1840 793,1841 788,1838 766,1839 758,1846 742,1846 736,1845 729,1837 715,1836 709,1839 706,1846 655,1846 625,1846 614,1837"/>
        <Baseline points="185,1900 579,1883 866,1890 1148,1887"/>
        <Word id="region0005_line0021_word0000" custom="readingOrder {index:0;}">
          <Coords points="214,1897 336,1895 335,1855 285,1861 270,1865 255,1862 251,1857 237,1858 230,1862 221,1859 214,1859"/>
          <TextEquiv conf="0.8891738">
            <Unicode>tione</Unicode>
          </TextEquiv>
        </Word>
        <Word id="region0005_line0021_word0001" custom="readingOrder {index:1;}">
          <Coords points="355,1848 349,1853 350,1893 400,1893 399,1850 393,1851 381,1851 378,1848"/>
          <TextEquiv conf="0.9217157">
            <Unicode>de</Unicode>
          </TextEquiv>
        </Word>
        <Word id="region0005_line0021_word0002" custom="readingOrder {index:2;}">
          <Coords points="416,1849 417,1902 448,1900 462,1897 471,1898 473,1904 493,1904 497,1895 501,1893 534,1895 558,1891 605,1895 627,1894 645,1896 650,1900 662,1899 667,1895 702,1897 703,1899 702,1846 655,1846 630,1846"/>
          <TextEquiv conf="0.89232945">
            <Unicode>imputatione</Unicode>
          </TextEquiv>
        </Word>
        <Word id="region0005_line0021_word0003" custom="readingOrder {index:3;}">
          <Coords points="711,1841 712,1898 729,1897 732,1897 751,1897 883,1896 882,1847 854,1850 843,1841 832,1841 826,1848 821,1848 815,1847 813,1842 807,1840 793,1841 791,1840 764,1840 758,1846 742,1846 736,1845 732,1840"/>
          <TextEquiv conf="0.9081575">
            <Unicode>juſtitiæ</Unicode>
          </TextEquiv>
        </Word>
        <Word id="region0005_line0021_word0004" custom="readingOrder {index:4;}">
          <Coords points="897,1843 894,1845 895,1886 936,1886 935,1846 924,1846 921,1843"/>
          <TextEquiv conf="0.9081575">
            <Unicode>&amp;</Unicode>
          </TextEquiv>
        </Word>
        <Word id="region0005_line0021_word0005" custom="readingOrder {index:5;}">
          <Coords points="952,1853 952,1882 1042,1880 1042,1851 1011,1852 1006,1852 1005,1852"/>
          <TextEquiv conf="0.9254001">
            <Unicode>non</Unicode>
          </TextEquiv>
        </Word>
        <Word id="region0005_line0021_word0006" custom="readingOrder {index:6;}">
          <Coords points="1059,1881 1141,1879 1140,1847 1077,1848 1075,1842 1070,1840 1058,1840"/>
          <TextEquiv conf="0.89658">
            <Unicode>im-</Unicode>
          </TextEquiv>
        </Word>
        <TextEquiv conf="0.9059306">
          <Unicode>tione de imputatione juſtitiæ &amp; non im-</Unicode>
        </TextEquiv>
      </TextLine>
      <TextLine id="region0005_line0022" custom="readingOrder {index:5;}">
        <Coords points="558,1892 544,1895 540,1901 522,1904 517,1903 517,1897 501,1894 498,1895 495,1905 486,1909 471,1906 468,1899 456,1898 446,1901 444,1908 431,1909 358,1913 352,1906 339,1907 334,1909 331,1915 309,1917 185,1917 185,1976 229,1975 247,1967 338,1967 456,1958 484,1957 489,1965 498,1966 512,1961 516,1956 526,1955 726,1948 779,1950 795,1957 807,1952 820,1958 874,1960 879,1970 896,1971 903,1967 905,1959 1003,1958 1020,1959 1026,1965 1044,1962 1049,1967 1067,1967 1074,1958 1087,1954 1148,1949 1148,1910 1141,1909 1029,1906 947,1909 945,1901 941,1899 925,1900 921,1909 847,1909 839,1908 837,1902 832,1900 815,1901 813,1908 747,1906 740,1898 710,1906 652,1904 633,1904 631,1897 627,1895 614,1895 607,1902 601,1902 592,1894"/>
        <Baseline points="185,1961 659,1939 888,1951 1148,1941"/>
        <Word id="region0005_line0022_word0000" custom="readingOrder {index:0;}">
          <Coords points="343,1906 339,1907 334,1909 331,1915 309,1917 213,1917 214,1960 439,1956 438,1908 431,1909 358,1913 352,1906"/>
          <TextEquiv conf="0.9154366">
            <Unicode>putatione</Unicode>
          </TextEquiv>
        </Word>
        <Word id="region0005_line0022_word0001" custom="readingOrder {index:1;}">
          <Coords points="451,1900 452,1958 456,1958 484,1957 485,1958 514,1958 516,1956 526,1955 684,1949 683,1905 652,1904 633,1904 631,1897 631,1897 612,1897 607,1902 601,1902 596,1898 542,1898 540,1901 522,1904 517,1903 517,1899 497,1899 495,1905 486,1909 471,1906 468,1900"/>
          <TextEquiv conf="0.9058808">
            <Unicode>injuſtitiæ:</Unicode>
          </TextEquiv>
        </Word>
        <Word id="region0005_line0022_word0002" custom="readingOrder {index:2;}">
          <Coords points="718,1903 710,1905 710,1948 726,1948 737,1948 804,1947 803,1907 747,1906 744,1903"/>
          <TextEquiv conf="0.70822614">
            <Unicode>Ecce,</Unicode>
          </TextEquiv>
        </Word>
        <Word id="region0005_line0022_word0003" custom="readingOrder {index:3;}">
          <Coords points="821,1954 1043,1950 1042,1906 1029,1906 947,1909 945,1901 941,1899 925,1900 921,1909 847,1909 839,1908 837,1902 832,1900 820,1900"/>
          <TextEquiv conf="0.89300364">
            <Unicode>inquiens,</Unicode>
          </TextEquiv>
        </Word>
        <Word id="region0005_line0022_word0004" custom="readingOrder {index:4;}">
          <Coords points="1053,1947 1141,1945 1140,1908 1052,1906"/>
          <TextEquiv conf="0.5150049">
            <Unicode>pec-</Unicode>
          </TextEquiv>
        </Word>
        <TextEquiv conf="0.7875104">
          <Unicode>putatione injuſtitiæ: Ecce, inquiens, pec-</Unicode>
        </TextEquiv>
      </TextLine>
      <TextLine id="region0005_line0023" custom="readingOrder {index:6;}">
        <Coords points="712,1949 706,1959 668,1959 663,1951 625,1952 622,1953 618,1964 613,1964 606,1955 595,1955 588,1965 577,1959 566,1959 555,1965 429,1968 357,1978 276,1974 186,1978 185,2018 208,2019 213,2030 228,2031 240,2030 245,2019 292,2021 299,2023 299,2029 304,2034 317,2033 321,2022 377,2021 385,2028 394,2028 400,2020 405,2019 480,2016 530,2010 539,2011 539,2020 544,2025 569,2025 574,2020 583,2019 587,2012 615,2014 776,2014 830,2026 941,2021 946,2016 946,1988 941,1983 884,1981 879,1972 860,1970 856,1967 833,1968 819,1973 817,1958 807,1953 796,1958 779,1951 732,1956 729,1950"/>
        <Baseline points="185,2009 383,2011 550,2000 946,2013"/>
        <Word id="region0005_line0023_word0000" custom="readingOrder {index:0;}">
          <Coords points="217,1978 293,1976 294,2016 218,2018"/>
          <TextEquiv>
            <Unicode>cata</Unicode>
          </TextEquiv>
        </Word>
        <Word id="region0005_line0023_word0001" custom="readingOrder {index:1;}">
          <Coords points="307,1978 307,2020 370,2019 370,1977 363,1977 357,1978 344,1977"/>
          <TextEquiv conf="0.4513791">
            <Unicode>tua</Unicode>
          </TextEquiv>
        </Word>
        <Word id="region0005_line0023_word0002" custom="readingOrder {index:2;}">
          <Coords points="385,1978 408,1978 408,2015 385,2015"/>
          <TextEquiv conf="0.8444448">
            <Unicode>a</Unicode>
          </TextEquiv>
        </Word>
        <Word id="region0005_line0023_word0003" custom="readingOrder {index:3;}">
          <Coords points="421,1974 457,1974 458,2006 422,2006"/>
          <TextEquiv conf="0.8038591">
            <Unicode>te</Unicode>
          </TextEquiv>
        </Word>
        <Word id="region0005_line0023_word0004" custom="readingOrder {index:4;}">
          <Coords points="555,1965 555,1965 470,1967 471,2016 480,2016 530,2010 539,2011 539,2017 584,2016 587,2012 615,2014 614,1964 588,1964 588,1965 587,1964"/>
          <TextEquiv>
            <Unicode>removi.</Unicode>
          </TextEquiv>
        </Word>
        <Word id="region0005_line0023_word0005" custom="readingOrder {index:5;}">
          <Coords points="621,1957 620,1958 621,2008 757,2006 756,1955 739,1955 732,1956 732,1955 708,1956 706,1959 668,1959 666,1956"/>
          <TextEquiv>
            <Unicode>Zach.</Unicode>
          </TextEquiv>
        </Word>
        <Word id="word_1655360921563_300" custom="readingOrder {index:6;}">
          <Coords points="769,1955 787,1954 796,1958 804,1954 809,1954 817,1958 819,1973 826,1970 826,2011 770,2013"/>
          <TextEquiv>
            <Unicode>Ill,</Unicode>
          </TextEquiv>
        </Word>
        <Word id="region0005_line0023_word0007" custom="readingOrder {index:7;}">
          <Coords points="840,2016 876,2016 875,1971 860,1970 856,1967 839,1967"/>
          <TextEquiv conf="0.8983721">
            <Unicode>5.</Unicode>
          </TextEquiv>
        </Word>
        <TextEquiv>
          <Unicode>cata tua a te removi. Zach. Ill, 5.</Unicode>
        </TextEquiv>
      </TextLine>
      <TextEquiv>
        <Unicode>Huc omnino refer habitum illum no-&#13;
vum ac mundum, quo, remoto priſtino &amp;&#13;
immundo, Chriſtus Joſuam ſacerdotem&#13;
typicum exornavit, addita interpreta-&#13;
tione de imputatione juſtitiæ &amp; non im-&#13;
putatione injuſtitiæ: Ecce, inquiens, pec-&#13;
cata tua a te removi. Zach. Ill, 5.</Unicode>
      </TextEquiv>
    </TextRegion>
  </Page>
</PcGts>
