<?xml version='1.0' encoding='utf-8'?>
<PcGts xmlns="http://schema.primaresearch.org/PAGE/gts/pagecontent/2019-07-15" xmlns:xsi="http://www.w3.org/2001/XMLSchema-instance" pcGtsId="PAGE_01" xsi:schemaLocation="http://schema.primaresearch.org/PAGE/gts/pagecontent/2019-07-15 http://schema.primaresearch.org/PAGE/gts/pagecontent/2019-07-15/pagecontent.xsd">
  <Metadata>
    <Creator>OCR-D DFG Phase III</Creator>
    <Created>2024-01-19T13:07:44Z</Created>
    <LastChange>2024-01-19T13:07:44Z</LastChange>
    <Comments>ODEM: OCR-D extension for mass digitization (2021-2024)</Comments>
  </Metadata>
  <Page imageFilename="urn+nbn+de+gbv+3+1-217666-p0027-5_lat.jpg" imageWidth="2530" imageHeight="3216" type="content" primaryLanguage="Latin">
    <Border>
      <Coords points="156,330 122,3131 2294,3097 2435,272"/>
    </Border>
    <ReadingOrder>
      <OrderedGroup id="ro_1683530063946" caption="Regions reading order">
        <RegionRefIndexed index="0" regionRef="region_1683529979118_268"/>
        <RegionRefIndexed index="1" regionRef="TextRegion_1663917996389_1805"/>
        <RegionRefIndexed index="2" regionRef="TextRegion_1663917996389_1804"/>
        <RegionRefIndexed index="3" regionRef="TextRegion_1663917970711_1791"/>
        <RegionRefIndexed index="5" regionRef="region_1683530004070_285"/>
        <RegionRefIndexed index="6" regionRef="region_1683530007054_294"/>
      </OrderedGroup>
    </ReadingOrder>
    <TextRegion type="page-number" id="region_1683529979118_268" custom="readingOrder {index:0;} structure {type:page-number;}">
      <Coords points="1649,589 1649,627 1712,627 1712,589"/>
      <TextLine id="line_1683529979221_271" custom="readingOrder {index:0;}">
        <Coords points="1649,589 1649,627 1712,627 1712,589"/>
        <Word id="word_1683529979306_274" custom="readingOrder {index:0;}">
          <Coords points="1649,589 1712,589 1712,627 1649,627"/>
          <TextEquiv>
            <Unicode>25</Unicode>
          </TextEquiv>
        </Word>
        <TextEquiv>
          <Unicode>25</Unicode>
        </TextEquiv>
      </TextLine>
      <TextEquiv>
        <Unicode>25</Unicode>
      </TextEquiv>
    </TextRegion>
    <TextRegion orientation="-0.19745108" readingDirection="left-to-right" id="TextRegion_1663917996389_1805" custom="readingOrder {index:1;}">
      <Coords points="416,656 1712,656 1712,2128 416,2128"/>
      <TextLine id="region0003_line0001" custom="readingOrder {index:0;}">
        <Coords points="1460,656 1453,665 1382,665 1379,657 1358,657 1356,664 1191,666 1152,666 1146,657 1127,656 1120,666 1108,667 1102,667 1100,660 1094,656 996,657 993,670 981,669 977,659 964,656 883,656 877,660 874,670 825,670 824,662 819,657 774,657 758,660 752,669 667,671 660,671 652,660 636,660 623,672 417,680 417,723 540,720 559,721 565,726 573,726 582,720 711,715 717,724 724,725 740,715 759,714 878,715 880,720 886,720 902,719 905,715 934,713 968,713 973,718 984,718 989,714 1082,711 1175,711 1181,721 1191,723 1197,722 1206,710 1294,709 1408,710 1418,721 1432,720 1437,710 1524,711 1538,712 1543,716 1554,716 1560,712 1583,713 1591,715 1600,723 1611,725 1633,721 1657,721 1662,726 1676,728 1686,727 1689,721 1712,721 1712,678 1709,677 1674,675 1664,666 1653,666 1643,672 1604,670 1598,668 1590,658 1579,658 1571,665 1531,665 1526,656 1510,656 1504,666 1479,666 1473,656"/>
        <Baseline points="417,713 1294,699 1712,712"/>
        <Word id="region0003_line0001_word0000" custom="readingOrder {index:0;}">
          <Coords points="435,709 577,709 577,673 435,679"/>
          <TextEquiv>
            <Unicode>omnes,</Unicode>
          </TextEquiv>
        </Word>
        <Word id="region0003_line0001_word0001" custom="readingOrder {index:1;}">
          <Coords points="590,702 652,702 652,663 632,663 623,672 590,673"/>
          <TextEquiv conf="0.91734374">
            <Unicode>etſi</Unicode>
          </TextEquiv>
        </Word>
        <Word id="region0003_line0001_word0002" custom="readingOrder {index:2;}">
          <Coords points="756,662 752,669 669,670 669,712 897,713 897,663 876,662 874,670 825,670 824,662"/>
          <TextEquiv conf="0.6512678">
            <Unicode>aequiſſimas,</Unicode>
          </TextEquiv>
        </Word>
        <Word id="region0003_line0001_word0003" custom="readingOrder {index:3;}">
          <Coords points="911,664 911,710 985,710 985,669 981,669 979,664"/>
          <TextEquiv conf="0.83298564">
            <Unicode>ſibi,</Unicode>
          </TextEquiv>
        </Word>
        <Word id="region0003_line0001_word0004" custom="readingOrder {index:4;}">
          <Coords points="1010,678 1017,678 1017,703 1010,703"/>
          <TextEquiv conf="0.83298564">
            <Unicode>a</Unicode>
          </TextEquiv>
        </Word>
        <Word id="region0003_line0001_word0005" custom="readingOrder {index:5;}">
          <Coords points="1031,667 1119,667 1119,703 1031,703"/>
          <TextEquiv conf="0.908836">
            <Unicode>Tito</Unicode>
          </TextEquiv>
        </Word>
        <Word id="region0003_line0001_word0006" custom="readingOrder {index:6;}">
          <Coords points="1349,667 1129,666 1129,711 1175,711 1178,716 1201,716 1206,710 1294,709 1349,709"/>
          <TextEquiv conf="0.9120271">
            <Unicode>Imperatore</Unicode>
          </TextEquiv>
        </Word>
        <Word id="region0003_line0001_word0007" custom="readingOrder {index:7;}">
          <Coords points="1363,664 1363,701 1399,701 1399,665 1382,665 1381,664"/>
          <TextEquiv conf="0.91556203">
            <Unicode>in</Unicode>
          </TextEquiv>
        </Word>
        <Word id="region0003_line0001_word0008" custom="readingOrder {index:8;}">
          <Coords points="1453,664 1453,665 1416,665 1416,715 1434,715 1437,710 1524,711 1538,712 1541,715 1554,715 1554,665 1531,665 1530,664 1505,664 1504,666 1479,666 1477,664"/>
          <TextEquiv conf="0.88269097">
            <Unicode>primis,</Unicode>
          </TextEquiv>
        </Word>
        <Word id="region0003_line0001_word0009" custom="readingOrder {index:9;}">
          <Coords points="1572,664 1571,665 1565,665 1565,712 1583,713 1591,715 1591,715 1707,716 1707,677 1674,675 1664,666 1653,666 1643,672 1604,670 1598,668 1595,664"/>
          <TextEquiv conf="0.52463704">
            <Unicode>Agrip-</Unicode>
          </TextEquiv>
        </Word>
        <TextEquiv>
          <Unicode>omnes, etſi aequiſſimas, ſibi, a Tito Imperatore in primis, Agrip-</Unicode>
        </TextEquiv>
      </TextLine>
      <TextLine id="region0003_line0002" custom="readingOrder {index:1;}">
        <Coords points="1395,711 1389,722 1265,722 1261,715 1247,713 1241,722 1237,722 1230,712 1206,711 1197,723 1191,724 1099,724 1093,715 1083,714 1074,724 1055,725 930,723 924,715 911,716 904,723 892,719 881,721 877,725 853,727 804,725 797,716 787,716 779,725 762,726 758,726 751,716 740,716 722,727 701,717 639,718 617,721 603,730 559,732 536,723 485,723 480,728 479,737 417,737 417,795 466,792 469,782 476,780 527,778 547,782 552,788 568,789 583,784 616,786 623,779 655,774 737,771 752,771 754,778 759,782 775,782 783,771 828,772 832,780 843,781 857,771 925,769 1005,770 1022,780 1029,780 1036,770 1069,768 1712,769 1712,728 1676,729 1650,725 1611,726 1594,723 1418,722 1408,711"/>
        <Baseline points="417,780 477,770 595,772 698,762 1712,759"/>
        <Word id="region0003_line0002_word0000" custom="readingOrder {index:0;}">
          <Coords points="438,768 485,768 485,729 479,729 479,737 438,737"/>
          <TextEquiv conf="0.89312905">
            <Unicode>pa</Unicode>
          </TextEquiv>
        </Word>
        <Word id="region0003_line0002_word0001" custom="readingOrder {index:1;}">
          <Coords points="502,767 616,767 616,721 603,730 559,732 536,723 502,723"/>
          <TextEquiv conf="0.90252286">
            <Unicode>Rege,</Unicode>
          </TextEquiv>
        </Word>
        <Word id="region0003_line0002_word0002" custom="readingOrder {index:2;}">
          <Coords points="631,754 667,754 667,717 639,718 631,719"/>
          <TextEquiv conf="0.92968047">
            <Unicode>&amp;</Unicode>
          </TextEquiv>
        </Word>
        <Word id="region0003_line0002_word0003" custom="readingOrder {index:3;}">
          <Coords points="685,766 847,767 847,726 804,725 797,716 787,716 779,725 762,726 758,726 751,716 740,716 722,727 701,717 685,717"/>
          <TextEquiv conf="0.6703913">
            <Unicode>Ioſepho,</Unicode>
          </TextEquiv>
        </Word>
        <Word id="region0003_line0002_word0004" custom="readingOrder {index:4;}">
          <Coords points="908,718 904,723 892,719 881,721 877,725 864,726 864,755 996,756 996,724 930,723 926,718"/>
          <TextEquiv conf="0.9171952">
            <Unicode>oblatas</Unicode>
          </TextEquiv>
        </Word>
        <Word id="region0003_line0002_word0005" custom="readingOrder {index:5;}">
          <Coords points="1078,719 1074,724 1055,725 1014,724 1014,767 1110,767 1110,724 1099,724 1095,719"/>
          <TextEquiv conf="0.9214191">
            <Unicode>pacis</Unicode>
          </TextEquiv>
        </Word>
        <Word id="region0003_line0002_word0006" custom="readingOrder {index:6;}">
          <Coords points="1201,717 1197,723 1191,724 1124,724 1124,757 1347,758 1347,722 1265,722 1262,717 1243,717 1241,722 1237,722 1233,717"/>
          <TextEquiv conf="0.90890944">
            <Unicode>conditiones</Unicode>
          </TextEquiv>
        </Word>
        <Word id="region0003_line0002_word0007" custom="readingOrder {index:7;}">
          <Coords points="1368,757 1411,757 1411,718 1391,718 1389,722 1368,722"/>
          <TextEquiv conf="0.92254305">
            <Unicode>ad</Unicode>
          </TextEquiv>
        </Word>
        <Word id="region0003_line0002_word0008" custom="readingOrder {index:8;}">
          <Coords points="1428,730 1628,731 1628,758 1428,757"/>
          <TextEquiv conf="0.87769943">
            <Unicode>extremam</Unicode>
          </TextEquiv>
        </Word>
        <Word id="region0003_line0002_word0009" custom="readingOrder {index:9;}">
          <Coords points="1646,735 1708,735 1708,759 1646,759"/>
          <TextEquiv conf="0.79002684">
            <Unicode>vs.</Unicode>
          </TextEquiv>
        </Word>
        <TextEquiv conf="0.8733517">
          <Unicode>pa Rege, &amp; Ioſepho, oblatas pacis conditiones ad extremam vs.</Unicode>
        </TextEquiv>
      </TextLine>
      <TextLine id="region0003_line0003" custom="readingOrder {index:2;}">
        <Coords points="1428,768 1411,771 1401,778 1384,780 1366,780 1359,769 1349,770 1345,780 1328,780 1322,769 1303,769 1292,780 1194,781 1023,782 1006,773 999,782 921,782 919,775 914,771 898,771 887,783 872,783 868,773 857,772 847,779 846,784 826,785 712,785 710,778 705,774 689,773 684,775 676,786 508,790 417,796 416,838 440,838 445,848 460,849 469,846 473,838 759,828 894,829 901,838 912,839 922,836 926,829 953,826 1419,825 1428,826 1433,831 1441,831 1446,827 1472,827 1498,833 1506,828 1547,827 1569,834 1597,832 1602,835 1627,835 1646,833 1656,824 1692,831 1711,830 1712,770 1624,770 1604,780 1552,780 1524,779 1511,769"/>
        <Baseline points="416,830 757,818 1420,815 1615,822 1649,815 1711,820"/>
        <Word id="region0003_line0003_word0000" custom="readingOrder {index:0;}">
          <Coords points="435,823 512,823 512,789 508,790 435,794"/>
          <TextEquiv conf="0.8938214">
            <Unicode>que</Unicode>
          </TextEquiv>
        </Word>
        <Word id="region0003_line0003_word0001" custom="readingOrder {index:1;}">
          <Coords points="536,812 657,812 657,786 536,789"/>
          <TextEquiv conf="0.8925645">
            <Unicode>rerum</Unicode>
          </TextEquiv>
        </Word>
        <Word id="region0003_line0003_word0002" custom="readingOrder {index:2;}">
          <Coords points="680,811 820,812 820,785 712,785 710,778 705,774 689,773 684,775 680,779"/>
          <TextEquiv conf="0.89998734">
            <Unicode>ſuarum</Unicode>
          </TextEquiv>
        </Word>
        <Word id="region0003_line0003_word0003" custom="readingOrder {index:3;}">
          <Coords points="854,774 847,779 846,784 842,784 842,825 1059,825 1123,825 1123,781 1023,782 1009,774 1004,774 999,782 921,782 919,775 918,774 895,774 887,783 872,783 868,774"/>
          <TextEquiv conf="0.5036663">
            <Unicode>deſperationem</Unicode>
          </TextEquiv>
        </Word>
        <Word id="region0003_line0003_word0004" custom="readingOrder {index:4;}">
          <Coords points="1296,775 1292,780 1194,781 1151,781 1151,814 1409,815 1410,776 1403,775 1401,778 1384,780 1366,780 1363,775 1346,775 1345,780 1328,780 1325,775"/>
          <TextEquiv>
            <Unicode>contemſerant</Unicode>
          </TextEquiv>
        </Word>
        <Word id="region0003_line0003_word0005" custom="readingOrder {index:5;}">
          <Coords points="1429,777 1503,777 1502,823 1428,823"/>
          <TextEquiv conf="0.29549348">
            <Unicode>(II,</Unicode>
          </TextEquiv>
        </Word>
        <Word id="region0003_line0003_word0006" custom="readingOrder {index:6;}">
          <Coords points="1522,787 1620,788 1619,824 1521,823"/>
          <TextEquiv conf="0.472253">
            <Unicode>19,3.</Unicode>
          </TextEquiv>
        </Word>
        <Word id="region0003_line0003_word0007" custom="readingOrder {index:7;}">
          <Coords points="1655,779 1704,779 1703,823 1654,823"/>
          <TextEquiv conf="0.472253">
            <Unicode>V,</Unicode>
          </TextEquiv>
        </Word>
        <TextEquiv>
          <Unicode>que rerum ſuarum deſperationem contemſerant (II, 19,3. V,</Unicode>
        </TextEquiv>
      </TextLine>
      <TextLine id="region0003_line0004" custom="readingOrder {index:3;}">
        <Coords points="1289,826 1281,829 1273,837 1165,839 1161,829 1142,827 1121,828 1115,837 1098,833 1057,832 1010,840 968,833 961,828 953,827 917,839 892,841 883,831 872,831 866,841 857,841 856,834 851,829 732,830 725,834 723,841 707,841 685,832 610,833 594,834 589,838 587,845 580,846 560,846 556,837 540,835 531,838 524,848 416,855 416,905 442,905 451,900 490,903 506,899 516,902 526,895 543,892 566,893 572,899 589,899 595,893 635,888 674,891 725,887 753,888 771,884 818,888 829,894 837,894 844,889 874,889 879,893 888,893 896,888 943,884 985,884 997,887 1010,894 1020,887 1053,885 1060,886 1066,891 1072,891 1079,885 1090,885 1113,888 1128,886 1143,891 1214,893 1225,891 1231,883 1243,881 1469,880 1629,884 1634,895 1644,896 1654,894 1660,884 1711,884 1711,837 1603,838 1597,833 1583,833 1578,838 1556,838 1553,831 1541,828 1526,829 1518,838 1434,837 1428,827 1355,826 1348,836 1308,837 1303,827"/>
        <Baseline points="416,892 761,874 881,879 1186,879 1260,870 1711,874"/>
        <Word id="region0003_line0004_word0000" custom="readingOrder {index:0;}">
          <Coords points="437,882 506,882 506,849 437,853"/>
          <TextEquiv>
            <Unicode>9,3</Unicode>
          </TextEquiv>
        </Word>
        <Word id="region0003_line0004_word0001" custom="readingOrder {index:1;}">
          <Coords points="529,883 599,883 599,833 594,834 589,838 587,845 580,846 560,846 556,837 540,835 531,838 529,840"/>
          <TextEquiv conf="0.8882367">
            <Unicode>ſeq.</Unicode>
          </TextEquiv>
        </Word>
        <Word id="region0003_line0004_word0002" custom="readingOrder {index:2;}">
          <Coords points="631,837 681,837 681,882 631,882"/>
          <TextEquiv>
            <Unicode>ll,</Unicode>
          </TextEquiv>
        </Word>
        <Word id="region0003_line0004_word0003" custom="readingOrder {index:3;}">
          <Coords points="702,849 733,849 733,876 702,876"/>
          <TextEquiv conf="0.8086687">
            <Unicode>2.</Unicode>
          </TextEquiv>
        </Word>
        <Word id="region0003_line0004_word0004" custom="readingOrder {index:4;}">
          <Coords points="841,885 841,838 767,838 767,884 771,884 782,885"/>
          <TextEquiv conf="0.8086687">
            <Unicode>VI,</Unicode>
          </TextEquiv>
        </Word>
        <Word id="region0003_line0004_word0005" custom="readingOrder {index:5;}">
          <Coords points="867,839 866,841 860,841 860,884 891,884 891,839 890,839"/>
          <TextEquiv>
            <Unicode>2,</Unicode>
          </TextEquiv>
        </Word>
        <Word id="region0003_line0004_word0006" custom="readingOrder {index:6;}">
          <Coords points="932,834 917,839 911,839 911,874 976,874 976,834 974,834"/>
          <TextEquiv conf="0.8770368">
            <Unicode>1&amp;</Unicode>
          </TextEquiv>
        </Word>
        <Word id="region0003_line0004_word0007" custom="readingOrder {index:7;}">
          <Coords points="992,849 1026,849 1026,884 992,884"/>
          <TextEquiv conf="0.5738338">
            <Unicode>4.</Unicode>
          </TextEquiv>
        </Word>
        <Word id="region0003_line0004_word0008" custom="readingOrder {index:8;}">
          <Coords points="1044,840 1077,840 1077,882 1044,882"/>
          <TextEquiv conf="0.5738338">
            <Unicode>6,</Unicode>
          </TextEquiv>
        </Word>
        <Word id="region0003_line0004_word0009" custom="readingOrder {index:9;}">
          <Coords points="1101,834 1101,885 1175,885 1175,838 1165,839 1163,834 1117,834 1115,837 1102,834"/>
          <TextEquiv>
            <Unicode>2.),</Unicode>
          </TextEquiv>
        </Word>
        <Word id="region0003_line0004_word0010" custom="readingOrder {index:10;}">
          <Coords points="1501,839 1217,838 1207,838 1207,886 1228,886 1231,883 1243,881 1469,880 1501,880"/>
          <TextEquiv conf="0.77893907">
            <Unicode>profundiſſimae</Unicode>
          </TextEquiv>
        </Word>
        <Word id="region0003_line0004_word0011" custom="readingOrder {index:11;}">
          <Coords points="1521,838 1557,838 1557,876 1521,876"/>
          <TextEquiv conf="0.9100386">
            <Unicode>ſe</Unicode>
          </TextEquiv>
        </Word>
        <Word id="region0003_line0004_word0012" custom="readingOrder {index:12;}">
          <Coords points="1700,841 1586,841 1586,882 1629,884 1632,891 1655,891 1660,884 1700,884"/>
          <TextEquiv conf="0.9192356">
            <Unicode>impu-</Unicode>
          </TextEquiv>
        </Word>
        <TextEquiv>
          <Unicode>9,3 ſeq. ll, 2. VI, 2, 1&amp; 4. 6, 2.), profundiſſimae ſe impu-</Unicode>
        </TextEquiv>
      </TextLine>
      <TextLine id="region0003_line0005" custom="readingOrder {index:4;}">
        <Coords points="1459,881 1455,883 1453,892 1388,895 1365,894 1363,886 1355,882 1265,881 1250,882 1235,891 1214,894 1145,894 1127,887 1120,889 1118,894 1097,895 1093,887 1079,886 1071,895 1048,896 1044,889 1035,887 1029,888 1024,897 1018,897 997,888 978,885 973,888 971,895 964,886 953,887 948,895 942,886 930,886 904,888 896,897 884,898 747,898 742,897 737,889 725,888 707,889 697,894 664,891 658,899 626,902 622,892 608,892 600,894 593,903 559,904 540,904 536,895 529,895 516,904 506,900 494,901 489,905 451,901 446,902 441,909 416,911 416,952 493,952 777,942 818,944 826,952 842,952 848,944 876,942 886,942 894,948 899,948 905,942 916,941 1072,939 1262,938 1270,946 1279,947 1287,939 1301,937 1309,937 1325,944 1392,944 1438,936 1448,938 1450,945 1456,949 1467,948 1473,942 1485,944 1531,937 1711,940 1711,896 1627,896 1620,886 1610,886 1603,896 1594,896 1589,894 1588,888 1583,884 1564,883 1554,893 1537,893 1535,886 1530,882 1518,883 1512,893 1485,893 1480,892 1472,882"/>
        <Baseline points="416,943 1010,930 1711,930"/>
        <Word id="region0003_line0005_word0000" custom="readingOrder {index:0;}">
          <Coords points="437,929 574,929 574,903 559,904 540,904 536,895 529,895 516,904 506,900 494,901 489,905 451,901 446,902 441,909 437,909"/>
          <TextEquiv conf="0.76812667">
            <Unicode>dicitiae</Unicode>
          </TextEquiv>
        </Word>
        <Word id="region0003_line0005_word0001" custom="readingOrder {index:1;}">
          <Coords points="864,898 747,898 742,897 737,889 725,888 707,889 697,894 664,891 658,899 626,902 622,892 608,892 600,894 600,942 759,942 777,942 791,942 862,942 864,942"/>
          <TextEquiv conf="0.5295514">
            <Unicode>foediſſimaeque</Unicode>
          </TextEquiv>
        </Word>
        <Word id="region0003_line0005_word0002" custom="readingOrder {index:2;}">
          <Coords points="903,889 900,892 900,934 1043,935 1043,890 1027,889 1024,897 1018,897 1000,889 972,889 971,895 966,889 951,889 948,895 944,889"/>
          <TextEquiv conf="0.8603088">
            <Unicode>libidini</Unicode>
          </TextEquiv>
        </Word>
        <Word id="region0003_line0005_word0003" custom="readingOrder {index:3;}">
          <Coords points="1075,890 1071,895 1068,895 1068,928 1241,928 1241,890 1236,890 1235,891 1214,894 1145,894 1134,890 1119,890 1118,894 1097,895 1094,890"/>
          <TextEquiv conf="0.8959007">
            <Unicode>dederant</Unicode>
          </TextEquiv>
        </Word>
        <Word id="region0003_line0005_word0004" custom="readingOrder {index:4;}">
          <Coords points="1343,939 1343,891 1266,890 1266,938 1291,938 1301,937 1309,937 1312,938"/>
          <TextEquiv conf="0.54822016">
            <Unicode>(IV,</Unicode>
          </TextEquiv>
        </Word>
        <Word id="region0003_line0005_word0005" custom="readingOrder {index:5;}">
          <Coords points="1360,902 1395,902 1395,935 1360,935"/>
          <TextEquiv>
            <Unicode>9,</Unicode>
          </TextEquiv>
        </Word>
        <Word id="region0003_line0005_word0006" custom="readingOrder {index:6;}">
          <Coords points="1453,888 1453,892 1419,893 1419,939 1438,936 1448,938 1448,941 1487,941 1487,893 1485,893 1480,892 1476,888"/>
          <TextEquiv conf="0.8331708">
            <Unicode>10),</Unicode>
          </TextEquiv>
        </Word>
        <Word id="region0003_line0005_word0007" custom="readingOrder {index:7;}">
          <Coords points="1518,890 1518,929 1699,930 1699,896 1627,896 1623,890 1606,890 1603,896 1594,896 1589,894 1588,890 1556,890 1554,893 1537,893 1536,890"/>
          <TextEquiv conf="0.8331708">
            <Unicode>infinitum</Unicode>
          </TextEquiv>
        </Word>
        <TextEquiv>
          <Unicode>dicitiae foediſſimaeque libidini dederant (IV, 9, 10), infinitum</Unicode>
        </TextEquiv>
      </TextLine>
      <TextLine id="region0003_line0006" custom="readingOrder {index:5;}">
        <Coords points="1419,939 1411,942 1408,949 1131,952 1102,952 1097,943 1084,942 1077,953 1008,952 1001,945 990,945 983,952 931,952 926,943 916,942 906,945 902,953 896,953 888,944 876,943 868,945 861,955 793,956 789,955 788,948 783,944 773,944 765,949 760,944 746,944 735,952 732,959 581,959 576,950 562,949 555,959 547,960 542,951 530,950 523,955 521,962 483,963 467,963 461,954 449,953 442,955 438,964 416,966 417,1009 496,1009 502,1017 520,1018 528,1006 712,1000 935,998 939,1007 953,1009 964,1006 968,997 1000,996 1228,994 1247,999 1265,993 1304,994 1311,1003 1328,1003 1335,994 1712,994 1711,950 1456,950 1433,949 1429,940"/>
        <Baseline points="417,998 994,986 1712,984"/>
        <Word id="region0003_line0006_word0000" custom="readingOrder {index:0;}">
          <Coords points="435,982 481,982 481,963 467,963 461,954 449,953 442,955 438,964 435,964"/>
          <TextEquiv conf="0.8945186">
            <Unicode>de</Unicode>
          </TextEquiv>
        </Word>
        <Word id="region0003_line0006_word0001" custom="readingOrder {index:1;}">
          <Coords points="504,993 609,993 609,959 581,959 576,950 562,949 555,959 547,960 542,951 530,950 523,955 521,962 504,962"/>
          <TextEquiv conf="0.8945186">
            <Unicode>plebe</Unicode>
          </TextEquiv>
        </Word>
        <Word id="region0003_line0006_word0002" custom="readingOrder {index:2;}">
          <Coords points="638,979 709,980 709,959 638,959"/>
          <TextEquiv conf="0.90878415">
            <Unicode>non</Unicode>
          </TextEquiv>
        </Word>
        <Word id="region0003_line0006_word0003" custom="readingOrder {index:3;}">
          <Coords points="737,982 847,982 847,955 793,956 789,955 788,948 783,944 773,944 765,949 760,944 746,944 737,950"/>
          <TextEquiv conf="0.9118911">
            <Unicode>ſolum</Unicode>
          </TextEquiv>
        </Word>
        <Word id="region0003_line0006_word0004" custom="readingOrder {index:4;}">
          <Coords points="872,944 868,945 865,949 865,982 923,982 923,944 909,944 906,945 902,953 896,953 888,944"/>
          <TextEquiv conf="0.9174064">
            <Unicode>ſed</Unicode>
          </TextEquiv>
        </Word>
        <Word id="region0003_line0006_word0005" custom="readingOrder {index:5;}">
          <Coords points="989,945 983,952 945,952 945,994 1140,994 1201,994 1201,951 1131,952 1102,952 1098,945 1081,945 1077,953 1008,952 1001,945"/>
          <TextEquiv conf="0.7525325">
            <Unicode>primariorum</Unicode>
          </TextEquiv>
        </Word>
        <Word id="region0003_line0006_word0006" custom="readingOrder {index:6;}">
          <Coords points="1224,955 1374,956 1374,992 1224,991"/>
          <TextEquiv conf="0.8951727">
            <Unicode>quoque</Unicode>
          </TextEquiv>
        </Word>
        <Word id="region0003_line0006_word0007" custom="readingOrder {index:7;}">
          <Coords points="1409,946 1408,949 1390,949 1390,982 1551,982 1551,950 1456,950 1433,949 1431,946"/>
          <TextEquiv conf="0.9185425">
            <Unicode>virorum</Unicode>
          </TextEquiv>
        </Word>
        <Word id="region0003_line0006_word0008" custom="readingOrder {index:8;}">
          <Coords points="1573,958 1699,958 1699,983 1573,983"/>
          <TextEquiv conf="0.9154189">
            <Unicode>nume-</Unicode>
          </TextEquiv>
        </Word>
        <TextEquiv conf="0.88986504">
          <Unicode>de plebe non ſolum ſed primariorum quoque virorum nume-</Unicode>
        </TextEquiv>
      </TextLine>
      <TextLine id="region0003_line0007" custom="readingOrder {index:6;}">
        <Coords points="1419,994 1414,999 1414,1008 1402,1010 1398,1019 1392,1018 1383,1009 1350,1006 1271,1005 1260,997 1240,1000 1228,995 1183,996 1179,999 1177,1008 1125,1006 1119,997 1000,997 985,999 977,1008 924,1011 892,1011 887,999 871,999 864,1006 859,1002 849,1002 838,1012 796,1013 721,1013 719,1005 715,1002 677,1001 645,1004 638,1014 629,1014 625,1006 610,1004 603,1009 601,1016 417,1022 417,1068 794,1056 1000,1056 1009,1067 1021,1067 1026,1063 1027,1057 1033,1055 1061,1055 1103,1063 1173,1063 1208,1061 1220,1054 1239,1056 1243,1059 1270,1057 1286,1061 1337,1061 1349,1056 1366,1055 1379,1061 1383,1058 1434,1053 1474,1052 1481,1057 1496,1052 1510,1052 1548,1054 1554,1060 1564,1060 1572,1055 1597,1051 1638,1051 1653,1054 1666,1062 1712,1061 1712,997 1667,995 1663,998 1641,1001 1608,995 1601,998 1581,998 1566,1006 1547,1006 1522,1004 1509,994"/>
        <Baseline points="417,1056 937,1045 1160,1052 1205,1045 1618,1041 1712,1049"/>
        <Word id="region0003_line0007_word0000" custom="readingOrder {index:0;}">
          <Coords points="435,1044 517,1044 517,1018 435,1021"/>
          <TextEquiv conf="0.92907465">
            <Unicode>rum</Unicode>
          </TextEquiv>
        </Word>
        <Word id="region0003_line0007_word0001" custom="readingOrder {index:1;}">
          <Coords points="610,1004 603,1009 601,1016 533,1018 533,1043 768,1044 768,1013 721,1013 719,1005 719,1005 645,1004 638,1014 629,1014 625,1006 613,1004"/>
          <TextEquiv conf="0.7869661">
            <Unicode>crudeliſſime</Unicode>
          </TextEquiv>
        </Word>
        <Word id="region0003_line0007_word0002" custom="readingOrder {index:2;}">
          <Coords points="847,1003 838,1012 796,1013 781,1013 781,1043 985,1043 985,1003 981,1003 977,1008 924,1011 892,1011 888,1003 867,1003 864,1006 860,1003"/>
          <TextEquiv conf="0.82428956">
            <Unicode>occiderant</Unicode>
          </TextEquiv>
        </Word>
        <Word id="region0003_line0007_word0003" custom="readingOrder {index:3;}">
          <Coords points="1103,1058 1103,1005 1003,1005 1003,1058 1026,1058 1027,1057 1033,1055 1061,1055 1076,1058"/>
          <TextEquiv>
            <Unicode>(IIII,</Unicode>
          </TextEquiv>
        </Word>
        <Word id="region0003_line0007_word0004" custom="readingOrder {index:4;}">
          <Coords points="1118,1018 1194,1018 1194,1053 1118,1053"/>
          <TextEquiv conf="0.73035485">
            <Unicode>3.5.</Unicode>
          </TextEquiv>
        </Word>
        <Word id="region0003_line0007_word0005" custom="readingOrder {index:5;}">
          <Coords points="1225,1002 1258,1002 1258,1049 1225,1049"/>
          <TextEquiv conf="0.28656387">
            <Unicode>V,</Unicode>
          </TextEquiv>
        </Word>
        <Word id="region0003_line0007_word0006" custom="readingOrder {index:6;}">
          <Coords points="1270,1014 1293,1015 1293,1042 1270,1041"/>
          <TextEquiv>
            <Unicode>1.</Unicode>
          </TextEquiv>
        </Word>
        <Word id="region0003_line0007_word0007" custom="readingOrder {index:7;}">
          <Coords points="1306,1016 1335,1016 1335,1052 1306,1052"/>
          <TextEquiv conf="0.4896991">
            <Unicode>3.</Unicode>
          </TextEquiv>
        </Word>
        <Word id="region0003_line0007_word0008" custom="readingOrder {index:8;}">
          <Coords points="1353,1016 1353,1052 1437,1044 1437,1010 1392,1018 1390,1016"/>
          <TextEquiv>
            <Unicode>13,I.</Unicode>
          </TextEquiv>
        </Word>
        <Word id="region0003_line0007_word0009" custom="readingOrder {index:9;}">
          <Coords points="1448,1004 1491,1004 1491,1051 1448,1051"/>
          <TextEquiv conf="0.19462463">
            <Unicode>X,</Unicode>
          </TextEquiv>
        </Word>
        <Word id="region0003_line0007_word0010" custom="readingOrder {index:10;}">
          <Coords points="1507,1018 1530,1018 1530,1043 1507,1043"/>
          <TextEquiv conf="0.617621">
            <Unicode>I.</Unicode>
          </TextEquiv>
        </Word>
        <Word id="region0003_line0007_word0011" custom="readingOrder {index:11;}">
          <Coords points="1579,1019 1545,1018 1545,1054 1548,1054 1548,1054 1573,1055 1579,1054"/>
          <TextEquiv conf="0.8601936">
            <Unicode>4.</Unicode>
          </TextEquiv>
        </Word>
        <Word id="region0003_line0007_word0012" custom="readingOrder {index:12;}">
          <Coords points="1696,1056 1696,1006 1596,1006 1596,1051 1597,1051 1638,1051 1653,1054 1656,1056"/>
          <TextEquiv>
            <Unicode>&amp;c.).</Unicode>
          </TextEquiv>
        </Word>
        <TextEquiv>
          <Unicode>rum crudeliſſime occiderant (IIII, 3.5. V, 1. 3. 13,I. X, I. 4. &amp;c.).</Unicode>
        </TextEquiv>
      </TextLine>
      <TextLine id="region0003_line0008" custom="readingOrder {index:7;}">
        <Coords points="1597,1052 1586,1055 1584,1065 1555,1065 1497,1065 1493,1056 1480,1058 1468,1055 1460,1066 1378,1065 1374,1059 1361,1056 1346,1058 1341,1065 1321,1066 874,1068 869,1058 854,1057 847,1063 842,1060 830,1060 825,1064 823,1071 711,1071 705,1061 682,1063 674,1071 653,1072 648,1072 646,1064 642,1061 624,1062 619,1073 553,1075 547,1064 527,1065 517,1076 505,1076 493,1070 477,1068 417,1069 416,1127 503,1121 767,1116 781,1116 788,1126 804,1126 812,1116 876,1114 946,1114 969,1125 974,1121 976,1113 1013,1114 1015,1118 1038,1125 1043,1121 1045,1113 1178,1113 1204,1114 1209,1119 1220,1119 1226,1113 1297,1112 1304,1122 1319,1122 1326,1118 1328,1112 1414,1113 1434,1119 1448,1114 1491,1111 1517,1111 1524,1116 1540,1116 1545,1111 1552,1110 1711,1112 1712,1065 1646,1064 1644,1055 1638,1052"/>
        <Baseline points="416,1114 983,1103 1711,1102"/>
        <Word id="region0003_line0008_word0000" custom="readingOrder {index:0;}">
          <Coords points="432,1104 497,1104 497,1072 493,1070 477,1068 432,1068"/>
          <TextEquiv conf="0.89592654">
            <Unicode>Ne</Unicode>
          </TextEquiv>
        </Word>
        <Word id="region0003_line0008_word0001" custom="readingOrder {index:1;}">
          <Coords points="520,1098 762,1099 762,1071 711,1071 705,1061 682,1063 674,1071 653,1072 648,1072 646,1064 642,1061 624,1062 619,1073 553,1075 547,1064 527,1065 520,1071"/>
          <TextEquiv conf="0.8946979">
            <Unicode>ſacerdotibus</Unicode>
          </TextEquiv>
        </Word>
        <Word id="region0003_line0008_word0002" custom="readingOrder {index:2;}">
          <Coords points="779,1108 926,1108 926,1067 874,1068 869,1058 854,1057 847,1063 842,1060 830,1060 825,1064 823,1071 779,1071"/>
          <TextEquiv conf="0.89836013">
            <Unicode>quidem</Unicode>
          </TextEquiv>
        </Word>
        <Word id="region0003_line0008_word0003" custom="readingOrder {index:3;}">
          <Coords points="956,1069 1223,1070 1222,1110 955,1109"/>
          <TextEquiv conf="0.9083039">
            <Unicode>perpercerant,</Unicode>
          </TextEquiv>
        </Word>
        <Word id="region0003_line0008_word0004" custom="readingOrder {index:4;}">
          <Coords points="1254,1069 1273,1069 1272,1096 1253,1096"/>
          <TextEquiv>
            <Unicode>e</Unicode>
          </TextEquiv>
        </Word>
        <Word id="region0003_line0008_word0005" custom="readingOrder {index:5;}">
          <Coords points="1346,1058 1341,1065 1321,1066 1295,1066 1295,1111 1442,1111 1442,1065 1378,1065 1374,1059 1369,1058"/>
          <TextEquiv conf="0.8958423">
            <Unicode>quibus,</Unicode>
          </TextEquiv>
        </Word>
        <Word id="region0003_line0008_word0006" custom="readingOrder {index:6;}">
          <Coords points="1469,1061 1468,1110 1547,1111 1552,1110 1584,1110 1585,1062 1585,1062 1584,1065 1555,1065 1497,1065 1495,1061"/>
          <TextEquiv conf="0.79927886">
            <Unicode>iisque</Unicode>
          </TextEquiv>
        </Word>
        <Word id="region0003_line0008_word0007" custom="readingOrder {index:7;}">
          <Coords points="1608,1061 1607,1102 1698,1102 1698,1064 1646,1064 1645,1061"/>
          <TextEquiv conf="0.6071965">
            <Unicode>Pon-</Unicode>
          </TextEquiv>
        </Word>
        <TextEquiv>
          <Unicode>Ne ſacerdotibus quidem perpercerant, e quibus, iisque Pon-</Unicode>
        </TextEquiv>
      </TextLine>
      <TextLine id="region0003_line0009" custom="readingOrder {index:8;}">
        <Coords points="1491,1112 1468,1114 1458,1118 1448,1115 1434,1120 1412,1118 1393,1126 1257,1125 1245,1124 1238,1115 1226,1114 1218,1123 1154,1127 1033,1127 1017,1119 1014,1119 1009,1127 1002,1116 987,1117 981,1127 969,1127 962,1121 945,1116 940,1127 891,1130 765,1129 760,1120 746,1119 738,1129 713,1129 706,1121 696,1121 689,1129 679,1129 664,1122 651,1120 589,1121 579,1124 572,1132 565,1133 538,1133 532,1123 519,1122 514,1126 505,1127 501,1133 492,1134 484,1124 470,1124 461,1130 448,1128 440,1137 416,1137 416,1182 491,1182 668,1175 766,1178 785,1180 792,1187 801,1187 809,1180 854,1175 942,1173 1711,1173 1711,1126 1646,1126 1644,1118 1640,1115 1627,1116 1624,1125 1620,1126 1619,1118 1614,1113 1602,1114 1596,1119 1594,1126 1550,1124 1546,1115 1524,1117 1517,1112"/>
        <Baseline points="416,1172 1711,1163"/>
        <Word id="region0003_line0009_word0000" custom="readingOrder {index:0;}">
          <Coords points="434,1161 588,1161 588,1121 579,1124 572,1132 565,1133 538,1133 532,1123 519,1122 514,1126 505,1127 501,1133 492,1134 484,1124 470,1124 461,1130 448,1128 440,1137 434,1137"/>
          <TextEquiv conf="0.90241134">
            <Unicode>tificibus</Unicode>
          </TextEquiv>
        </Word>
        <Word id="region0003_line0009_word0001" custom="readingOrder {index:1;}">
          <Coords points="745,1119 738,1129 713,1129 706,1121 696,1121 689,1129 679,1129 664,1122 651,1120 606,1120 606,1170 803,1171 803,1129 765,1129 760,1120 756,1119"/>
          <TextEquiv conf="0.6551935">
            <Unicode>Maximis,</Unicode>
          </TextEquiv>
        </Word>
        <Word id="region0003_line0009_word0002" custom="readingOrder {index:2;}">
          <Coords points="834,1132 907,1132 907,1159 834,1159"/>
          <TextEquiv conf="0.90472364">
            <Unicode>non</Unicode>
          </TextEquiv>
        </Word>
        <Word id="region0003_line0009_word0003" custom="readingOrder {index:3;}">
          <Coords points="944,1118 940,1127 939,1127 939,1160 1191,1161 1191,1124 1154,1127 1033,1127 1017,1119 1014,1119 1009,1127 1003,1118 986,1118 981,1127 969,1127 962,1121 951,1118"/>
          <TextEquiv>
            <Unicode>dubitauerant</Unicode>
          </TextEquiv>
        </Word>
        <Word id="region0003_line0009_word0004" custom="readingOrder {index:4;}">
          <Coords points="1221,1119 1218,1123 1216,1123 1216,1160 1386,1161 1386,1125 1257,1125 1245,1124 1241,1119"/>
          <TextEquiv conf="0.8856032">
            <Unicode>Ananum</Unicode>
          </TextEquiv>
        </Word>
        <Word id="region0003_line0009_word0005" custom="readingOrder {index:5;}">
          <Coords points="1427,1122 1464,1122 1464,1163 1427,1163"/>
          <TextEquiv conf="0.846875">
            <Unicode>&amp;</Unicode>
          </TextEquiv>
        </Word>
        <Word id="region0003_line0009_word0006" custom="readingOrder {index:6;}">
          <Coords points="1506,1120 1506,1162 1699,1163 1699,1126 1646,1126 1644,1120 1625,1120 1624,1125 1620,1126 1619,1120 1595,1120 1594,1126 1550,1124 1548,1120"/>
          <TextEquiv conf="0.6977904">
            <Unicode>Ezechiam</Unicode>
          </TextEquiv>
        </Word>
        <TextEquiv>
          <Unicode>tificibus Maximis, non dubitauerant Ananum &amp; Ezechiam</Unicode>
        </TextEquiv>
      </TextLine>
      <TextLine id="region0003_line0010" custom="readingOrder {index:9;}">
        <Coords points="1583,1174 1572,1177 1565,1185 1523,1187 1461,1188 1456,1179 1444,1178 1439,1182 1437,1189 1431,1190 1298,1189 1286,1176 1268,1176 1262,1181 1260,1189 1236,1190 1231,1189 1231,1182 1224,1175 1207,1176 1200,1182 1198,1189 1091,1189 1089,1182 1082,1178 1072,1179 1067,1188 932,1190 924,1178 900,1179 893,1191 711,1191 707,1184 697,1180 593,1180 588,1185 587,1193 524,1190 498,1184 440,1184 416,1186 416,1240 433,1240 436,1243 477,1242 482,1250 493,1251 501,1243 521,1243 529,1247 559,1244 602,1249 644,1248 659,1245 676,1237 760,1236 963,1235 1015,1243 1020,1239 1044,1239 1060,1235 1185,1236 1359,1233 1394,1239 1399,1237 1400,1232 1454,1230 1476,1231 1485,1240 1491,1240 1501,1238 1506,1230 1711,1225 1711,1189 1667,1188 1662,1177 1647,1174 1630,1176 1625,1188 1608,1187 1600,1186 1594,1176"/>
        <Baseline points="416,1230 617,1236 677,1226 1711,1216"/>
        <Word id="region0003_line0010_word0000" custom="readingOrder {index:0;}">
          <Coords points="430,1231 495,1231 495,1184 440,1184 430,1184"/>
          <TextEquiv>
            <Unicode>(II,</Unicode>
          </TextEquiv>
        </Word>
        <Word id="region0003_line0010_word0001" custom="readingOrder {index:1;}">
          <Coords points="513,1229 646,1229 646,1180 593,1180 588,1185 587,1193 524,1190 513,1187"/>
          <TextEquiv>
            <Unicode>17,9),</Unicode>
          </TextEquiv>
        </Word>
        <Word id="region0003_line0010_word0002" custom="readingOrder {index:2;}">
          <Coords points="677,1218 849,1219 849,1191 711,1191 707,1184 697,1180 677,1180"/>
          <TextEquiv>
            <Unicode>Ananum</Unicode>
          </TextEquiv>
        </Word>
        <Word id="region0003_line0010_word0003" custom="readingOrder {index:3;}">
          <Coords points="899,1179 893,1191 884,1191 884,1227 1016,1228 1016,1188 932,1190 924,1179"/>
          <TextEquiv conf="0.86551934">
            <Unicode>alium,</Unicode>
          </TextEquiv>
        </Word>
        <Word id="region0003_line0010_word0004" custom="readingOrder {index:4;}">
          <Coords points="1071,1180 1067,1188 1048,1188 1048,1220 1170,1220 1170,1189 1091,1189 1089,1182 1085,1180"/>
          <TextEquiv conf="0.89152306">
            <Unicode>virum</Unicode>
          </TextEquiv>
        </Word>
        <Word id="region0003_line0010_word0005" custom="readingOrder {index:5;}">
          <Coords points="1203,1179 1201,1181 1201,1220 1358,1221 1358,1189 1298,1189 1289,1179 1263,1179 1262,1181 1260,1189 1236,1190 1231,1189 1231,1182 1228,1179"/>
          <TextEquiv conf="0.8662358">
            <Unicode>ſanctum</Unicode>
          </TextEquiv>
        </Word>
        <Word id="region0003_line0010_word0006" custom="readingOrder {index:6;}">
          <Coords points="1438,1183 1437,1189 1431,1190 1378,1189 1378,1231 1427,1231 1454,1230 1476,1231 1505,1231 1506,1230 1548,1228 1548,1185 1523,1187 1461,1188 1458,1183"/>
          <TextEquiv conf="0.90849686">
            <Unicode>pacisque</Unicode>
          </TextEquiv>
        </Word>
        <Word id="region0003_line0010_word0007" custom="readingOrder {index:7;}">
          <Coords points="1566,1183 1566,1183 1566,1220 1700,1220 1700,1188 1667,1188 1664,1183 1627,1183 1625,1188 1608,1187 1600,1186 1598,1183"/>
          <TextEquiv conf="0.9231341">
            <Unicode>ſtudio-</Unicode>
          </TextEquiv>
        </Word>
        <TextEquiv>
          <Unicode>(II, 17,9), Ananum alium, virum ſanctum pacisque ſtudio-</Unicode>
        </TextEquiv>
      </TextLine>
      <TextLine id="region0003_line0011" custom="readingOrder {index:10;}">
        <Coords points="1689,1227 1665,1229 1656,1239 1585,1240 1580,1232 1567,1230 1559,1240 1485,1241 1476,1232 1468,1232 1460,1240 1458,1233 1454,1231 1437,1232 1433,1240 1393,1240 1359,1234 1269,1237 1250,1234 1242,1243 1170,1250 1164,1258 1159,1257 1159,1242 1154,1237 1076,1238 1069,1241 1065,1248 1052,1249 983,1248 977,1238 898,1238 867,1241 850,1250 833,1252 808,1251 806,1243 800,1239 789,1239 781,1243 762,1240 719,1240 709,1244 707,1255 566,1252 559,1245 549,1245 537,1253 462,1255 457,1244 436,1244 428,1254 416,1254 417,1301 506,1303 511,1308 521,1308 527,1303 557,1301 644,1300 650,1309 666,1309 674,1300 689,1299 845,1299 875,1301 880,1305 889,1305 894,1301 945,1298 959,1302 1000,1305 1044,1301 1062,1295 1072,1299 1080,1295 1090,1295 1096,1299 1113,1299 1127,1293 1136,1293 1142,1298 1203,1298 1229,1288 1239,1288 1247,1295 1255,1296 1267,1290 1314,1287 1712,1285 1711,1227"/>
        <Baseline points="417,1292 1007,1293 1342,1276 1712,1274"/>
        <Word id="region0003_line0011_word0000" custom="readingOrder {index:0;}">
          <Coords points="433,1282 523,1282 523,1253 462,1255 457,1244 436,1244 433,1247"/>
          <TextEquiv conf="0.9166038">
            <Unicode>ſum,</Unicode>
          </TextEquiv>
        </Word>
        <Word id="region0003_line0011_word0001" custom="readingOrder {index:1;}">
          <Coords points="551,1284 711,1285 711,1243 709,1244 707,1255 566,1252 559,1245 551,1245"/>
          <TextEquiv conf="0.8668622">
            <Unicode>itemque</Unicode>
          </TextEquiv>
        </Word>
        <Word id="region0003_line0011_word0002" custom="readingOrder {index:2;}">
          <Coords points="741,1276 854,1276 854,1247 850,1250 833,1252 808,1251 806,1243 800,1239 789,1239 781,1243 762,1240 741,1240"/>
          <TextEquiv conf="0.86966026">
            <Unicode>Ieſum</Unicode>
          </TextEquiv>
        </Word>
        <Word id="region0003_line0011_word0003" custom="readingOrder {index:3;}">
          <Coords points="870,1284 971,1284 971,1238 898,1238 870,1240"/>
          <TextEquiv>
            <Unicode>(IIII,</Unicode>
          </TextEquiv>
        </Word>
        <Word id="word_1663918332039_1931" custom="readingOrder {index:4;}">
          <Coords points="993,1248 1052,1249 1065,1248 1069,1241 1076,1238 1095,1237 1095,1286 993,1286"/>
          <TextEquiv>
            <Unicode>3,7.</Unicode>
          </TextEquiv>
        </Word>
        <Word id="word_1663918332039_1930" custom="readingOrder {index:5;}">
          <Coords points="1095,1237 1154,1237 1159,1242 1159,1257 1164,1258 1170,1250 1208,1246 1208,1286 1095,1286"/>
          <TextEquiv>
            <Unicode>V,I,</Unicode>
          </TextEquiv>
        </Word>
        <Word id="region0003_line0011_word0006" custom="readingOrder {index:6;}">
          <Coords points="1248,1236 1242,1243 1223,1244 1223,1284 1267,1284 1267,1236 1262,1236"/>
          <TextEquiv conf="0.8882959">
            <Unicode>2)</Unicode>
          </TextEquiv>
        </Word>
        <Word id="region0003_line0011_word0007" custom="readingOrder {index:7;}">
          <Coords points="1281,1242 1322,1242 1322,1277 1281,1277"/>
          <TextEquiv conf="0.9158132">
            <Unicode>&amp;</Unicode>
          </TextEquiv>
        </Word>
        <Word id="region0003_line0011_word0008" custom="readingOrder {index:8;}">
          <Coords points="1344,1238 1344,1279 1538,1279 1538,1240 1485,1241 1482,1238 1462,1238 1460,1240 1459,1238 1434,1238 1433,1240 1393,1240 1381,1238"/>
          <TextEquiv conf="0.5396886">
            <Unicode>Matthiam</Unicode>
          </TextEquiv>
        </Word>
        <Word id="region0003_line0011_word0009" custom="readingOrder {index:9;}">
          <Coords points="1567,1239 1567,1278 1698,1278 1698,1239 1656,1239 1585,1240 1584,1239"/>
          <TextEquiv conf="0.0">
            <Unicode>interfi-</Unicode>
          </TextEquiv>
        </Word>
        <TextEquiv>
          <Unicode>ſum, itemque Ieſum (IIII, 3,7. V,I, 2) &amp; Matthiam interfi-</Unicode>
        </TextEquiv>
      </TextLine>
      <TextLine id="region0003_line0012" custom="readingOrder {index:11;}">
        <Coords points="1615,1286 1592,1288 1585,1298 1577,1298 1569,1289 1558,1288 1551,1296 1490,1295 1484,1288 1471,1288 1464,1295 1291,1295 1255,1297 1247,1296 1239,1289 1229,1289 1203,1299 1190,1298 1184,1301 1148,1300 1136,1294 1127,1294 1113,1300 1096,1300 1090,1296 1080,1296 1072,1300 1062,1296 1044,1302 1000,1306 922,1303 873,1309 758,1312 744,1314 736,1319 725,1316 716,1304 704,1305 699,1315 621,1314 620,1307 615,1302 557,1302 529,1305 521,1310 519,1316 512,1317 417,1318 417,1363 506,1364 550,1368 589,1365 595,1368 609,1365 670,1367 757,1362 785,1354 831,1350 913,1351 919,1356 938,1347 984,1345 994,1337 1005,1345 1148,1343 1162,1345 1168,1351 1174,1351 1186,1344 1202,1345 1229,1339 1342,1339 1349,1348 1366,1348 1374,1339 1536,1338 1712,1343 1712,1298 1687,1298 1683,1286"/>
        <Baseline points="417,1353 675,1355 804,1342 1239,1329 1712,1333"/>
        <Word id="region0003_line0012_word0000" custom="readingOrder {index:0;}">
          <Coords points="434,1355 519,1355 519,1316 512,1317 434,1317"/>
          <TextEquiv conf="0.7899693">
            <Unicode>cere</Unicode>
          </TextEquiv>
        </Word>
        <Word id="region0003_line0012_word0001" custom="readingOrder {index:1;}">
          <Coords points="541,1335 608,1335 608,1302 557,1302 541,1303"/>
          <TextEquiv>
            <Unicode>(V,</Unicode>
          </TextEquiv>
        </Word>
        <Word id="region0003_line0012_word0002" custom="readingOrder {index:2;}">
          <Coords points="625,1336 671,1336 671,1314 625,1314"/>
          <TextEquiv conf="0.2880655">
            <Unicode>13,</Unicode>
          </TextEquiv>
        </Word>
        <Word id="region0003_line0012_word0003" custom="readingOrder {index:3;}">
          <Coords points="694,1335 747,1336 747,1313 744,1314 736,1319 725,1316 716,1304 704,1305 699,1315 694,1314"/>
          <TextEquiv conf="0.2880655">
            <Unicode>1),</Unicode>
          </TextEquiv>
        </Word>
        <Word id="region0003_line0012_word0004" custom="readingOrder {index:4;}">
          <Coords points="775,1328 899,1328 899,1305 873,1309 775,1311"/>
          <TextEquiv conf="0.91632247">
            <Unicode>contra</Unicode>
          </TextEquiv>
        </Word>
        <Word id="region0003_line0012_word0005" custom="readingOrder {index:5;}">
          <Coords points="919,1337 989,1338 989,1305 922,1303 919,1303"/>
          <TextEquiv conf="0.9124833">
            <Unicode>pro</Unicode>
          </TextEquiv>
        </Word>
        <Word id="region0003_line0012_word0006" custom="readingOrder {index:6;}">
          <Coords points="1127,1294 1113,1300 1096,1300 1090,1296 1080,1296 1072,1300 1062,1296 1044,1302 1012,1304 1012,1339 1184,1339 1184,1301 1148,1300 1136,1294"/>
          <TextEquiv>
            <Unicode>arbitrio,</Unicode>
          </TextEquiv>
        </Word>
        <Word id="region0003_line0012_word0007" custom="readingOrder {index:7;}">
          <Coords points="1226,1290 1212,1295 1212,1328 1313,1329 1313,1295 1291,1295 1255,1297 1247,1296 1240,1290"/>
          <TextEquiv conf="0.9221012">
            <Unicode>ſecus</Unicode>
          </TextEquiv>
        </Word>
        <Word id="region0003_line0012_word0008" custom="readingOrder {index:8;}">
          <Coords points="1450,1303 1340,1303 1340,1339 1342,1339 1374,1339 1450,1338"/>
          <TextEquiv conf="0.88642204">
            <Unicode>quam</Unicode>
          </TextEquiv>
        </Word>
        <Word id="region0003_line0012_word0009" custom="readingOrder {index:9;}">
          <Coords points="1470,1296 1533,1296 1533,1330 1470,1330"/>
          <TextEquiv conf="0.87759507">
            <Unicode>lex</Unicode>
          </TextEquiv>
        </Word>
        <Word id="region0003_line0012_word0010" custom="readingOrder {index:10;}">
          <Coords points="1557,1294 1557,1335 1699,1336 1699,1298 1687,1298 1685,1294 1587,1294 1585,1298 1577,1298 1573,1294"/>
          <TextEquiv conf="0.84468836">
            <Unicode>iuſſiſſet</Unicode>
          </TextEquiv>
        </Word>
        <TextEquiv>
          <Unicode>cere (V, 13, 1), contra pro arbitrio, ſecus quam lex iuſſiſſet</Unicode>
        </TextEquiv>
      </TextLine>
      <TextLine id="region0003_line0013" custom="readingOrder {index:12;}">
        <Coords points="994,1338 984,1346 989,1351 1000,1351 1004,1348 1002,1356 968,1356 964,1347 950,1346 938,1348 918,1358 852,1360 847,1352 831,1351 821,1354 815,1361 541,1373 514,1377 507,1367 495,1367 489,1372 473,1366 417,1365 416,1425 499,1422 505,1428 515,1428 524,1421 583,1415 712,1410 729,1410 731,1414 752,1416 758,1414 760,1409 803,1405 982,1399 1106,1397 1129,1400 1135,1405 1145,1405 1154,1399 1163,1399 1182,1401 1190,1408 1204,1408 1212,1405 1214,1397 1252,1395 1627,1396 1711,1393 1710,1355 1660,1351 1545,1349 1536,1339 1515,1342 1501,1340 1493,1349 1480,1350 1452,1349 1445,1340 1389,1340 1382,1344 1380,1350 1332,1352 1253,1351 1247,1340 1229,1340 1222,1343 1215,1353 1198,1353 1194,1346 1186,1345 1173,1353 1079,1354 1072,1345 1059,1345 1050,1355 1027,1355 1020,1345 1010,1345 1005,1349 1005,1346"/>
        <Baseline points="416,1413 948,1390 1711,1384"/>
        <Word id="region0003_line0013_word0000" custom="readingOrder {index:0;}">
          <Coords points="433,1392 517,1392 517,1376 514,1377 507,1367 495,1367 489,1372 473,1366 433,1365"/>
          <TextEquiv conf="0.913651">
            <Unicode>Dei,</Unicode>
          </TextEquiv>
        </Word>
        <Word id="region0003_line0013_word0001" custom="readingOrder {index:1;}">
          <Coords points="546,1391 801,1392 801,1361 546,1372"/>
          <TextEquiv conf="0.89641523">
            <Unicode>contemtoque</Unicode>
          </TextEquiv>
        </Word>
        <Word id="region0003_line0013_word0002" custom="readingOrder {index:2;}">
          <Coords points="985,1344 984,1346 989,1351 1000,1351 1004,1348 1002,1356 968,1356 964,1347 950,1346 938,1348 918,1358 852,1360 847,1352 831,1351 821,1354 818,1356 818,1383 1039,1384 1039,1355 1027,1355 1020,1345 1010,1345 1005,1349 1005,1346 1003,1344"/>
          <TextEquiv conf="0.89373106">
            <Unicode>ſucceſſionis</Unicode>
          </TextEquiv>
        </Word>
        <Word id="region0003_line0013_word0003" custom="readingOrder {index:3;}">
          <Coords points="1061,1347 1060,1391 1149,1391 1149,1353 1079,1354 1073,1347"/>
          <TextEquiv conf="0.91875654">
            <Unicode>iure,</Unicode>
          </TextEquiv>
        </Word>
        <Word id="region0003_line0013_word0004" custom="readingOrder {index:4;}">
          <Coords points="1245,1344 1221,1344 1215,1353 1198,1353 1194,1346 1186,1345 1178,1349 1178,1396 1233,1396 1244,1395"/>
          <TextEquiv conf="0.9176082">
            <Unicode>ipſi</Unicode>
          </TextEquiv>
        </Word>
        <Word id="region0003_line0013_word0005" custom="readingOrder {index:5;}">
          <Coords points="1267,1358 1383,1359 1382,1386 1266,1385"/>
          <TextEquiv conf="0.89665914">
            <Unicode>nouos</Unicode>
          </TextEquiv>
        </Word>
        <Word id="region0003_line0013_word0006" custom="readingOrder {index:6;}">
          <Coords points="1407,1346 1406,1385 1597,1386 1597,1349 1545,1349 1542,1346 1495,1346 1493,1349 1480,1350 1452,1349 1449,1346"/>
          <TextEquiv conf="0.8602306">
            <Unicode>Pontifices</Unicode>
          </TextEquiv>
        </Word>
        <Word id="region0003_line0013_word0007" custom="readingOrder {index:7;}">
          <Coords points="1614,1360 1698,1360 1697,1386 1613,1386"/>
          <TextEquiv conf="0.91286165">
            <Unicode>con-</Unicode>
          </TextEquiv>
        </Word>
        <TextEquiv conf="0.90123916">
          <Unicode>Dei, contemtoque ſucceſſionis iure, ipſi nouos Pontifices con-</Unicode>
        </TextEquiv>
      </TextLine>
      <TextLine id="region0003_line0014" custom="readingOrder {index:13;}">
        <Coords points="1421,1395 1410,1405 1391,1404 1385,1398 1372,1396 1318,1396 1301,1399 1264,1396 1232,1405 1204,1409 1172,1408 1170,1402 1163,1400 1152,1401 1146,1409 1113,1409 1109,1399 1092,1398 1086,1401 1083,1409 1076,1409 1068,1400 1058,1400 1050,1410 899,1413 880,1411 873,1405 803,1406 780,1414 752,1417 716,1415 698,1420 675,1413 583,1416 571,1418 563,1427 552,1428 530,1424 525,1429 484,1431 473,1424 445,1424 434,1428 416,1428 416,1478 555,1472 587,1472 599,1475 616,1469 635,1469 659,1474 664,1470 675,1470 679,1473 710,1473 745,1467 829,1469 839,1466 847,1459 855,1458 901,1458 908,1467 913,1468 918,1463 935,1457 976,1454 1155,1453 1174,1455 1189,1462 1199,1454 1238,1451 1711,1451 1711,1408 1679,1408 1677,1401 1670,1396 1655,1397 1642,1408 1638,1407 1638,1402 1633,1397 1618,1398 1612,1408 1519,1407 1517,1399 1513,1396 1499,1397 1494,1406 1485,1398 1455,1396 1451,1405 1445,1406 1441,1396"/>
        <Baseline points="416,1466 692,1461 961,1444 1711,1441"/>
        <Word id="region0003_line0014_word0000" custom="readingOrder {index:0;}">
          <Coords points="432,1445 575,1445 575,1417 571,1418 563,1427 552,1428 530,1424 525,1429 484,1431 473,1424 445,1424 434,1428 432,1428"/>
          <TextEquiv conf="0.88818544">
            <Unicode>ſtituere</Unicode>
          </TextEquiv>
        </Word>
        <Word id="region0003_line0014_word0001" custom="readingOrder {index:1;}">
          <Coords points="589,1449 667,1449 667,1413 589,1415"/>
          <TextEquiv conf="0.8749416">
            <Unicode>(IV,</Unicode>
          </TextEquiv>
        </Word>
        <Word id="region0003_line0014_word0002" custom="readingOrder {index:2;}">
          <Coords points="682,1448 712,1449 712,1416 698,1420 682,1415"/>
          <TextEquiv conf="0.8968117">
            <Unicode>3,</Unicode>
          </TextEquiv>
        </Word>
        <Word id="region0003_line0014_word0003" custom="readingOrder {index:3;}">
          <Coords points="725,1451 825,1451 825,1405 803,1406 780,1414 752,1417 725,1415"/>
          <TextEquiv>
            <Unicode>6.7).</Unicode>
          </TextEquiv>
        </Word>
        <Word id="region0003_line0014_word0004" custom="readingOrder {index:4;}">
          <Coords points="855,1452 1069,1453 1069,1405 1054,1404 1050,1410 899,1413 880,1411 873,1405 855,1405"/>
          <TextEquiv conf="0.9022257">
            <Unicode>Imperatori</Unicode>
          </TextEquiv>
        </Word>
        <Word id="region0003_line0014_word0005" custom="readingOrder {index:5;}">
          <Coords points="1085,1403 1083,1409 1082,1409 1082,1452 1225,1452 1238,1451 1239,1451 1239,1403 1232,1405 1204,1409 1172,1408 1170,1403 1150,1403 1146,1409 1113,1409 1110,1403"/>
          <TextEquiv conf="0.560084">
            <Unicode>denique</Unicode>
          </TextEquiv>
        </Word>
        <Word id="region0003_line0014_word0006" custom="readingOrder {index:6;}">
          <Coords points="1255,1405 1293,1406 1293,1443 1255,1442"/>
          <TextEquiv conf="0.91249">
            <Unicode>&amp;</Unicode>
          </TextEquiv>
        </Word>
        <Word id="region0003_line0014_word0007" custom="readingOrder {index:7;}">
          <Coords points="1311,1406 1398,1406 1398,1444 1311,1444"/>
          <TextEquiv conf="0.91964775">
            <Unicode>facta</Unicode>
          </TextEquiv>
        </Word>
        <Word id="region0003_line0014_word0008" custom="readingOrder {index:8;}">
          <Coords points="1413,1405 1413,1444 1583,1445 1583,1408 1519,1407 1519,1406 1494,1405 1494,1406 1493,1405 1450,1405 1445,1406 1445,1405"/>
          <TextEquiv conf="0.88775635">
            <Unicode>ſeditione</Unicode>
          </TextEquiv>
        </Word>
        <Word id="region0003_line0014_word0009" custom="readingOrder {index:9;}">
          <Coords points="1613,1406 1612,1408 1596,1407 1596,1446 1696,1446 1696,1408 1679,1408 1678,1406 1644,1406 1642,1408 1638,1407 1638,1406"/>
          <TextEquiv conf="0.92304426">
            <Unicode>obſe-</Unicode>
          </TextEquiv>
        </Word>
        <TextEquiv>
          <Unicode>ſtituere (IV, 3, 6.7). Imperatori denique &amp; facta ſeditione obſe-</Unicode>
        </TextEquiv>
      </TextLine>
      <TextLine id="region0003_line0015" custom="readingOrder {index:14;}">
        <Coords points="1580,1452 1569,1462 1518,1452 1513,1455 1491,1455 1478,1465 1361,1465 1359,1458 1354,1454 1341,1455 1334,1465 1327,1455 1299,1452 1294,1456 1292,1465 1273,1464 1272,1457 1267,1452 1251,1452 1246,1457 1245,1465 1230,1466 1217,1466 1206,1455 1199,1455 1190,1465 1182,1459 1167,1455 1163,1465 1131,1466 1070,1466 1065,1457 1053,1456 1046,1466 1023,1467 1017,1467 1010,1458 999,1458 992,1467 979,1466 970,1456 954,1456 948,1460 935,1458 918,1464 913,1469 887,1471 751,1472 697,1477 680,1476 675,1471 664,1471 654,1475 616,1470 599,1476 583,1473 576,1476 570,1484 502,1485 495,1478 484,1478 477,1488 416,1492 416,1535 435,1535 437,1541 444,1544 464,1539 466,1535 517,1531 553,1530 559,1536 568,1536 577,1530 627,1524 906,1514 1060,1513 1066,1520 1078,1520 1084,1512 1422,1511 1453,1513 1466,1519 1477,1519 1483,1514 1525,1511 1711,1511 1711,1452 1667,1452 1658,1457 1643,1454 1637,1464 1611,1465 1604,1465 1602,1457 1595,1452"/>
        <Baseline points="416,1525 893,1504 1711,1502"/>
        <Word id="region0003_line0015_word0000" custom="readingOrder {index:0;}">
          <Coords points="429,1509 572,1509 572,1481 570,1484 502,1485 495,1478 484,1478 477,1488 429,1491"/>
          <TextEquiv conf="0.79954195">
            <Unicode>quium,</Unicode>
          </TextEquiv>
        </Word>
        <Word id="region0003_line0015_word0001" custom="readingOrder {index:1;}">
          <Coords points="602,1496 639,1496 639,1473 616,1470 602,1474"/>
          <TextEquiv conf="0.8627114">
            <Unicode>&amp;</Unicode>
          </TextEquiv>
        </Word>
        <Word id="region0003_line0015_word0002" custom="readingOrder {index:2;}">
          <Coords points="664,1496 700,1497 700,1476 697,1477 680,1476 675,1471 664,1471"/>
          <TextEquiv conf="0.8912547">
            <Unicode>in</Unicode>
          </TextEquiv>
        </Word>
        <Word id="region0003_line0015_word0003" custom="readingOrder {index:3;}">
          <Coords points="719,1501 885,1501 885,1471 751,1472 719,1474"/>
          <TextEquiv>
            <Unicode>extremo</Unicode>
          </TextEquiv>
        </Word>
        <Word id="region0003_line0015_word0004" custom="readingOrder {index:4;}">
          <Coords points="934,1458 918,1464 913,1469 908,1469 908,1507 1111,1508 1111,1466 1070,1466 1065,1458 1051,1458 1046,1466 1023,1467 1017,1467 1010,1458 998,1458 992,1467 979,1466 972,1458 950,1458 948,1460 935,1458"/>
          <TextEquiv conf="0.80256045">
            <Unicode>diſcrimine</Unicode>
          </TextEquiv>
        </Word>
        <Word id="region0003_line0015_word0005" custom="readingOrder {index:5;}">
          <Coords points="1165,1460 1163,1465 1131,1466 1127,1466 1127,1500 1227,1500 1227,1466 1217,1466 1211,1460 1194,1460 1190,1465 1183,1460"/>
          <TextEquiv conf="0.9178382">
            <Unicode>vrbis</Unicode>
          </TextEquiv>
        </Word>
        <Word id="region0003_line0015_word0006" custom="readingOrder {index:6;}">
          <Coords points="1246,1457 1245,1465 1241,1465 1241,1509 1493,1510 1493,1458 1487,1458 1478,1465 1361,1465 1359,1458 1358,1457 1339,1457 1334,1465 1329,1457 1294,1457 1292,1465 1273,1464 1272,1457"/>
          <TextEquiv conf="0.8971381">
            <Unicode>deditionem,</Unicode>
          </TextEquiv>
        </Word>
        <Word id="region0003_line0015_word0007" custom="readingOrder {index:7;}">
          <Coords points="1509,1460 1547,1460 1547,1502 1509,1502"/>
          <TextEquiv conf="0.8859525">
            <Unicode>&amp;</Unicode>
          </TextEquiv>
        </Word>
        <Word id="region0003_line0015_word0008" custom="readingOrder {index:8;}">
          <Coords points="1572,1460 1572,1504 1696,1504 1696,1460 1639,1460 1637,1464 1611,1465 1604,1465 1602,1460"/>
          <TextEquiv>
            <Unicode>ſacrifi-</Unicode>
          </TextEquiv>
        </Word>
        <TextEquiv>
          <Unicode>quium, &amp; in extremo diſcrimine vrbis deditionem, &amp; ſacrifi-</Unicode>
        </TextEquiv>
      </TextLine>
      <TextLine id="region0003_line0016" custom="readingOrder {index:15;}">
        <Coords points="1167,1513 1159,1518 1157,1526 1026,1527 1021,1518 1007,1517 999,1528 915,1528 911,1518 894,1516 875,1519 865,1531 682,1534 678,1526 662,1523 657,1526 654,1535 637,1537 469,1547 465,1540 461,1540 448,1542 442,1549 416,1550 416,1590 417,1594 522,1592 531,1593 538,1599 548,1599 555,1594 593,1596 605,1592 610,1584 626,1582 692,1580 696,1586 715,1587 726,1579 735,1578 888,1576 909,1569 915,1569 922,1575 1042,1572 1053,1563 1063,1573 1091,1572 1096,1576 1106,1576 1111,1572 1119,1572 1137,1581 1154,1580 1162,1570 1189,1568 1405,1570 1426,1571 1434,1576 1445,1576 1451,1572 1498,1569 1511,1572 1517,1578 1545,1571 1562,1575 1582,1572 1606,1575 1617,1572 1626,1574 1652,1571 1665,1572 1670,1576 1680,1576 1685,1572 1711,1572 1711,1524 1578,1527 1329,1525 1323,1516 1311,1515 1304,1525 1184,1525 1179,1514"/>
        <Baseline points="416,1584 557,1583 608,1573 761,1566 1201,1558 1711,1562"/>
        <Word id="region0003_line0016_word0000" custom="readingOrder {index:0;}">
          <Coords points="429,1569 550,1569 550,1542 469,1547 465,1540 461,1540 448,1542 442,1549 429,1549"/>
          <TextEquiv conf="0.8878827">
            <Unicode>cium,</Unicode>
          </TextEquiv>
        </Word>
        <Word id="region0003_line0016_word0001" custom="readingOrder {index:1;}">
          <Coords points="574,1567 676,1567 676,1525 662,1523 657,1526 654,1535 637,1537 574,1540"/>
          <TextEquiv conf="0.8932591">
            <Unicode>quod</Unicode>
          </TextEquiv>
        </Word>
        <Word id="region0003_line0016_word0002" custom="readingOrder {index:2;}">
          <Coords points="694,1568 771,1569 771,1532 694,1533"/>
          <TextEquiv conf="0.9271814">
            <Unicode>pro</Unicode>
          </TextEquiv>
        </Word>
        <Word id="region0003_line0016_word0003" custom="readingOrder {index:3;}">
          <Coords points="783,1557 828,1557 828,1531 783,1532"/>
          <TextEquiv conf="0.9291573">
            <Unicode>eo</Unicode>
          </TextEquiv>
        </Word>
        <Word id="region0003_line0016_word0004" custom="readingOrder {index:4;}">
          <Coords points="881,1518 875,1519 865,1531 848,1531 848,1559 980,1559 980,1528 915,1528 911,1518"/>
          <TextEquiv conf="0.8338793">
            <Unicode>offerre</Unicode>
          </TextEquiv>
        </Word>
        <Word id="region0003_line0016_word0005" custom="readingOrder {index:5;}">
          <Coords points="1006,1521 1006,1557 1045,1557 1045,1526 1026,1527 1022,1521"/>
          <TextEquiv conf="0.83981">
            <Unicode>in</Unicode>
          </TextEquiv>
        </Word>
        <Word id="region0003_line0016_word0006" custom="readingOrder {index:6;}">
          <Coords points="1158,1519 1157,1526 1064,1526 1064,1569 1175,1569 1189,1568 1200,1568 1200,1525 1184,1525 1181,1519"/>
          <TextEquiv conf="0.8922432">
            <Unicode>templo</Unicode>
          </TextEquiv>
        </Word>
        <Word id="region0003_line0016_word0007" custom="readingOrder {index:7;}">
          <Coords points="1306,1521 1304,1525 1227,1525 1227,1556 1342,1557 1342,1525 1329,1525 1326,1521"/>
          <TextEquiv conf="0.9272499">
            <Unicode>moris</Unicode>
          </TextEquiv>
        </Word>
        <Word id="region0003_line0016_word0008" custom="readingOrder {index:8;}">
          <Coords points="1362,1530 1448,1530 1448,1565 1362,1565"/>
          <TextEquiv conf="0.6815869">
            <Unicode>erat,</Unicode>
          </TextEquiv>
        </Word>
        <Word id="region0003_line0016_word0009" custom="readingOrder {index:9;}">
          <Coords points="1698,1570 1698,1530 1476,1529 1476,1569 1497,1569 1498,1569 1498,1569"/>
          <TextEquiv>
            <Unicode>negauerant</Unicode>
          </TextEquiv>
        </Word>
        <TextEquiv>
          <Unicode>cium, quod pro eo offerre in templo moris erat, negauerant</Unicode>
        </TextEquiv>
      </TextLine>
      <TextLine id="region0003_line0017" custom="readingOrder {index:16;}">
        <Coords points="1487,1570 1480,1579 1223,1577 1147,1582 1017,1583 999,1588 918,1586 917,1583 922,1576 915,1570 909,1570 886,1577 880,1586 875,1587 788,1589 781,1588 775,1581 726,1580 715,1588 628,1583 613,1595 548,1600 492,1594 430,1596 417,1598 417,1660 465,1660 468,1654 473,1653 500,1653 505,1657 513,1657 519,1652 581,1656 614,1647 633,1651 644,1646 707,1635 813,1635 882,1631 914,1633 921,1640 938,1640 946,1632 975,1628 1039,1629 1047,1633 1067,1633 1070,1628 1083,1627 1307,1621 1449,1622 1451,1626 1467,1634 1479,1633 1484,1622 1579,1623 1583,1626 1596,1624 1611,1633 1626,1634 1632,1633 1638,1623 1712,1622 1711,1581 1679,1578 1628,1580 1626,1575 1617,1573 1604,1576 1603,1580 1556,1579 1552,1572 1534,1574 1521,1579 1506,1579 1498,1570"/>
        <Baseline points="417,1645 649,1638 689,1624 1285,1611 1711,1613"/>
        <Word id="region0003_line0017_word0000" custom="readingOrder {index:0;}">
          <Coords points="437,1630 516,1630 516,1596 492,1594 437,1595"/>
          <TextEquiv>
            <Unicode>(II,</Unicode>
          </TextEquiv>
        </Word>
        <Word id="region0003_line0017_word0001" custom="readingOrder {index:1;}">
          <Coords points="535,1626 660,1626 660,1584 628,1583 613,1595 548,1600 535,1598"/>
          <TextEquiv>
            <Unicode>17,2.).</Unicode>
          </TextEquiv>
        </Word>
        <Word id="region0003_line0017_word0002" custom="readingOrder {index:2;}">
          <Coords points="717,1617 830,1617 830,1588 788,1589 781,1588 775,1581 726,1580 717,1586"/>
          <TextEquiv conf="0.77012014">
            <Unicode>Mitto</Unicode>
          </TextEquiv>
        </Word>
        <Word id="region0003_line0017_word0003" custom="readingOrder {index:3;}">
          <Coords points="885,1577 880,1586 875,1587 847,1587 847,1625 1008,1626 1008,1585 999,1588 918,1586 917,1583 920,1577"/>
          <TextEquiv conf="0.86853004">
            <Unicode>reliqua,</Unicode>
          </TextEquiv>
        </Word>
        <Word id="region0003_line0017_word0004" custom="readingOrder {index:4;}">
          <Coords points="1034,1588 1128,1588 1128,1625 1034,1625"/>
          <TextEquiv conf="0.82115614">
            <Unicode>quae</Unicode>
          </TextEquiv>
        </Word>
        <Word id="word_1663918491252_2007" custom="readingOrder {index:5;}">
          <Coords points="1142,1588 1225,1588 1392,1590 1392,1618 1300,1618 1142,1615"/>
          <TextEquiv>
            <Unicode>IOSEPHVS</Unicode>
          </TextEquiv>
        </Word>
        <Word id="region0003_line0017_word0008" custom="readingOrder {index:6;}">
          <Coords points="1595,1580 1414,1579 1414,1621 1449,1622 1451,1626 1459,1630 1480,1630 1484,1622 1579,1623 1583,1626 1595,1624"/>
          <TextEquiv conf="0.84893906">
            <Unicode>copioſius</Unicode>
          </TextEquiv>
        </Word>
        <Word id="region0003_line0017_word0009" custom="readingOrder {index:7;}">
          <Coords points="1698,1582 1605,1582 1605,1629 1634,1629 1638,1623 1698,1622"/>
          <TextEquiv conf="0.84893906">
            <Unicode>per-</Unicode>
          </TextEquiv>
        </Word>
        <TextEquiv>
          <Unicode>(II, 17,2.). Mitto reliqua, quae IOSEPHVS copioſius per-</Unicode>
        </TextEquiv>
      </TextLine>
      <TextLine id="region0003_line0018" custom="readingOrder {index:17;}">
        <Coords points="1282,1623 1274,1626 1267,1635 1228,1635 1225,1628 1219,1624 1203,1625 1200,1634 1196,1636 1155,1634 1146,1627 1136,1627 1129,1636 1092,1639 1068,1639 1066,1634 1047,1634 1039,1630 975,1629 948,1633 938,1641 891,1642 887,1634 876,1632 867,1634 863,1639 858,1636 847,1636 841,1640 839,1646 774,1648 772,1642 765,1637 753,1639 748,1647 726,1639 688,1638 616,1656 537,1659 530,1653 519,1653 513,1661 476,1665 466,1665 464,1661 439,1659 431,1666 417,1666 416,1713 471,1713 475,1719 487,1721 497,1719 505,1710 565,1705 640,1704 646,1697 696,1705 715,1701 734,1703 740,1707 758,1707 768,1692 795,1692 802,1702 821,1702 828,1692 932,1688 946,1688 976,1698 1004,1696 1012,1688 1037,1692 1043,1696 1064,1694 1142,1697 1162,1694 1169,1688 1187,1688 1213,1682 1711,1680 1712,1634 1707,1633 1616,1635 1573,1628 1566,1624 1554,1623 1547,1627 1511,1634 1467,1635 1449,1626 1444,1634 1382,1635 1378,1624 1359,1623 1355,1626 1353,1635 1301,1636 1296,1625"/>
        <Baseline points="416,1702 647,1689 735,1693 768,1684 923,1678 1123,1684 1227,1672 1712,1670"/>
        <Word id="region0003_line0018_word0000" custom="readingOrder {index:0;}">
          <Coords points="432,1684 601,1684 601,1656 537,1659 530,1653 519,1653 513,1661 476,1665 466,1665 464,1661 439,1659 432,1664"/>
          <TextEquiv conf="0.0">
            <Unicode>ſequitur.</Unicode>
          </TextEquiv>
        </Word>
        <Word id="region0003_line0018_word0001" custom="readingOrder {index:1;}">
          <Coords points="685,1684 767,1685 767,1639 765,1637 753,1639 748,1647 726,1639 688,1638 685,1638"/>
          <TextEquiv conf="0.89586985">
            <Unicode>Qui</Unicode>
          </TextEquiv>
        </Word>
        <Word id="region0003_line0018_word0002" custom="readingOrder {index:2;}">
          <Coords points="789,1683 942,1683 942,1637 938,1641 891,1642 887,1634 876,1632 867,1634 863,1639 858,1636 847,1636 841,1640 839,1646 789,1647"/>
          <TextEquiv conf="0.879366">
            <Unicode>quidem</Unicode>
          </TextEquiv>
        </Word>
        <Word id="region0003_line0018_word0003" custom="readingOrder {index:3;}">
          <Coords points="966,1631 965,1684 1058,1685 1058,1634 1047,1634 1042,1631"/>
          <TextEquiv conf="0.37754518">
            <Unicode>(VI,</Unicode>
          </TextEquiv>
        </Word>
        <Word id="region0003_line0018_word0004" custom="readingOrder {index:4;}">
          <Coords points="1131,1633 1129,1636 1092,1639 1076,1639 1076,1687 1166,1687 1166,1634 1155,1634 1153,1633"/>
          <TextEquiv conf="0.7631338">
            <Unicode>5.3),</Unicode>
          </TextEquiv>
        </Word>
        <Word id="region0003_line0018_word0005" custom="readingOrder {index:5;}">
          <Coords points="1201,1631 1200,1634 1196,1636 1194,1635 1194,1672 1243,1672 1243,1635 1228,1635 1226,1631"/>
          <TextEquiv conf="0.846532">
            <Unicode>de</Unicode>
          </TextEquiv>
        </Word>
        <Word id="region0003_line0018_word0006" custom="readingOrder {index:6;}">
          <Coords points="1271,1632 1270,1674 1397,1675 1397,1634 1382,1635 1381,1632 1353,1632 1353,1635 1301,1636 1299,1632"/>
          <TextEquiv conf="0.80467844">
            <Unicode>fraude</Unicode>
          </TextEquiv>
        </Word>
        <Word id="region0003_line0018_word0007" custom="readingOrder {index:7;}">
          <Coords points="1413,1637 1522,1637 1521,1675 1412,1675"/>
          <TextEquiv conf="0.883563">
            <Unicode>etiam</Unicode>
          </TextEquiv>
        </Word>
        <Word id="region0003_line0018_word0008" custom="readingOrder {index:8;}">
          <Coords points="1541,1636 1582,1637 1581,1676 1540,1675"/>
          <TextEquiv conf="0.9058721">
            <Unicode>&amp;</Unicode>
          </TextEquiv>
        </Word>
        <Word id="region0003_line0018_word0009" custom="readingOrder {index:9;}">
          <Coords points="1600,1647 1695,1647 1694,1675 1599,1675"/>
          <TextEquiv conf="0.8725992">
            <Unicode>com-</Unicode>
          </TextEquiv>
        </Word>
        <TextEquiv conf="0.822916">
          <Unicode>ſequitur. Qui quidem (VI, 5.3), de fraude etiam &amp; com-</Unicode>
        </TextEquiv>
      </TextLine>
      <TextLine id="region0003_line0019" custom="readingOrder {index:18;}">
        <Coords points="1416,1682 1412,1685 1410,1694 1389,1694 1384,1685 1371,1684 1366,1688 1364,1695 1299,1696 1293,1686 1280,1685 1273,1695 1260,1696 1189,1697 1186,1688 1174,1688 1166,1691 1162,1698 1076,1696 960,1700 957,1693 937,1689 932,1693 917,1691 910,1702 900,1703 794,1706 792,1698 788,1695 768,1695 758,1708 740,1708 734,1704 711,1702 702,1709 595,1713 590,1706 565,1706 560,1709 557,1717 551,1717 544,1709 532,1709 526,1719 519,1720 416,1725 416,1772 608,1761 622,1761 627,1768 637,1769 656,1757 700,1754 732,1757 745,1767 753,1767 769,1757 795,1751 907,1747 910,1753 923,1755 936,1751 939,1746 963,1744 1060,1745 1065,1754 1080,1756 1087,1751 1089,1745 1104,1744 1105,1748 1129,1752 1132,1743 1142,1742 1228,1743 1233,1744 1239,1753 1251,1753 1259,1744 1322,1743 1327,1751 1339,1753 1349,1751 1354,1743 1390,1744 1395,1751 1406,1752 1415,1745 1507,1739 1711,1737 1711,1692 1499,1693 1495,1685 1485,1682"/>
        <Baseline points="416,1760 949,1734 1420,1735 1711,1726"/>
        <Word id="region0003_line0019_word0000" custom="readingOrder {index:0;}">
          <Coords points="432,1755 607,1755 607,1712 595,1713 590,1706 565,1706 560,1709 557,1717 551,1717 544,1709 532,1709 526,1719 519,1720 432,1724"/>
          <TextEquiv conf="0.846747">
            <Unicode>menticiis</Unicode>
          </TextEquiv>
        </Word>
        <Word id="region0003_line0019_word0001" custom="readingOrder {index:1;}">
          <Coords points="631,1740 824,1741 824,1705 794,1706 792,1698 788,1695 768,1695 758,1708 740,1708 734,1704 711,1702 702,1709 631,1711"/>
          <TextEquiv conf="0.86786103">
            <Unicode>prodigiis:</Unicode>
          </TextEquiv>
        </Word>
        <Word id="region0003_line0019_word0002" custom="readingOrder {index:2;} textStyle {offset:0; length:7;italic:true; fontSize:0.0; kerning:0;}">
          <Coords points="872,1739 1045,1740 1045,1697 960,1700 957,1693 937,1689 932,1693 917,1691 910,1702 900,1703 872,1703"/>
          <TextEquiv conf="0.87790704">
            <Unicode>miſerum</Unicode>
          </TextEquiv>
        </Word>
        <Word id="region0003_line0019_word0003" custom="readingOrder {index:3;} textStyle {offset:0; length:8;italic:true; fontSize:0.0; kerning:0;}">
          <Coords points="1070,1741 1252,1741 1252,1696 1189,1697 1186,1688 1174,1688 1166,1691 1162,1698 1076,1696 1070,1696"/>
          <TextEquiv conf="0.82733214">
            <Unicode>populum,</Unicode>
          </TextEquiv>
        </Word>
        <Word id="region0003_line0019_word0004" custom="readingOrder {index:4;}">
          <Coords points="1281,1689 1281,1741 1410,1741 1410,1694 1389,1694 1386,1689 1365,1689 1364,1695 1299,1696 1294,1689"/>
          <TextEquiv conf="0.892328">
            <Unicode>inquit,</Unicode>
          </TextEquiv>
        </Word>
        <Word id="region0003_line0019_word0005" custom="readingOrder {index:5;} textStyle {offset:0; length:4;italic:true; fontSize:0.0; kerning:0;}">
          <Coords points="1437,1690 1437,1730 1558,1730 1558,1692 1499,1693 1497,1690"/>
          <TextEquiv conf="0.8393512">
            <Unicode>Deum</Unicode>
          </TextEquiv>
        </Word>
        <Word id="region0003_line0019_word0006" custom="readingOrder {index:6;} textStyle {offset:0; length:5;italic:true; fontSize:0.0; kerning:0;}">
          <Coords points="1582,1702 1694,1702 1694,1732 1582,1732"/>
          <TextEquiv conf="0.89503235">
            <Unicode>emen-</Unicode>
          </TextEquiv>
        </Word>
        <TextEquiv conf="0.8637941">
          <Unicode>menticiis prodigiis: miſerum populum, inquit, Deum emen-</Unicode>
        </TextEquiv>
      </TextLine>
      <TextLine id="region0003_line0020" custom="readingOrder {index:19;}">
        <Coords points="1675,1738 1639,1740 1635,1755 1631,1755 1626,1746 1617,1743 1551,1742 1527,1751 1466,1756 1366,1757 1349,1756 1345,1753 1329,1756 1281,1756 1277,1753 1266,1752 1254,1756 1212,1758 1207,1754 1198,1754 1193,1758 1131,1760 1127,1752 1104,1749 1096,1761 1060,1761 1058,1754 1053,1750 1041,1751 1035,1761 1024,1751 977,1747 937,1751 923,1756 857,1754 850,1758 848,1765 755,1770 746,1770 732,1758 724,1761 714,1755 700,1755 696,1758 697,1775 661,1774 659,1765 653,1760 640,1767 636,1775 539,1778 536,1766 524,1765 518,1767 509,1780 502,1772 492,1771 484,1779 473,1778 468,1774 457,1774 450,1781 416,1782 416,1829 513,1827 519,1835 532,1837 546,1822 556,1820 632,1817 639,1823 651,1824 656,1816 731,1814 736,1822 747,1823 753,1814 827,1809 969,1807 972,1819 982,1824 990,1823 993,1819 1004,1820 1014,1811 1067,1806 1078,1806 1081,1815 1086,1819 1102,1818 1109,1813 1111,1806 1182,1806 1186,1816 1199,1818 1208,1814 1210,1805 1242,1802 1621,1801 1627,1802 1629,1806 1652,1807 1666,1802 1711,1799 1711,1739"/>
        <Baseline points="416,1818 930,1796 1711,1790"/>
        <Word id="region0003_line0020_word0000" custom="readingOrder {index:0;} textStyle {offset:0; length:4;italic:true; fontSize:0.0; kerning:0;}">
          <Coords points="431,1820 498,1820 499,1771 492,1771 484,1779 473,1778 468,1774 457,1774 450,1781 432,1781"/>
          <TextEquiv conf="0.89943343">
            <Unicode>titi</Unicode>
          </TextEquiv>
        </Word>
        <Word id="region0003_line0020_word0001" custom="readingOrder {index:1;}">
          <Coords points="516,1819 828,1820 826,1766 755,1770 746,1770 732,1758 724,1761 714,1755 700,1755 696,1758 697,1775 661,1774 659,1765 653,1760 640,1767 636,1775 539,1778 536,1766 524,1765 518,1767 514,1772"/>
          <TextEquiv>
            <Unicode>(ϰαταψευδόμενοι</Unicode>
          </TextEquiv>
        </Word>
        <Word id="region0003_line0020_word0002" custom="readingOrder {index:2;}">
          <Coords points="847,1799 888,1799 888,1754 857,1754 850,1758 848,1765 847,1765"/>
          <TextEquiv>
            <Unicode>τȣ̃</Unicode>
          </TextEquiv>
        </Word>
        <Word id="region0003_line0020_word0003" custom="readingOrder {index:3;}">
          <Coords points="905,1804 1009,1805 1009,1749 977,1747 937,1751 923,1756 905,1755"/>
          <TextEquiv>
            <Unicode>Θεȣ̃),</Unicode>
          </TextEquiv>
        </Word>
        <Word id="region0003_line0020_word0004" custom="readingOrder {index:4;} textStyle {offset:0; length:2;italic:true; fontSize:0.0; kerning:0;}">
          <Coords points="1038,1785 1076,1785 1076,1761 1060,1761 1058,1754 1053,1750 1041,1751 1038,1756"/>
          <TextEquiv conf="0.8789885">
            <Unicode>in</Unicode>
          </TextEquiv>
        </Word>
        <Word id="region0003_line0020_word0005" custom="readingOrder {index:5;} textStyle {offset:0; length:4;italic:true; fontSize:0.0; kerning:0;}">
          <Coords points="1088,1800 1176,1800 1176,1758 1131,1760 1127,1752 1104,1749 1096,1761 1088,1761"/>
          <TextEquiv conf="0.89184606">
            <Unicode>ſuas</Unicode>
          </TextEquiv>
        </Word>
        <Word id="region0003_line0020_word0006" custom="readingOrder {index:6;} textStyle {offset:0; length:6;italic:true; fontSize:0.0; kerning:0;}">
          <Coords points="1261,1753 1254,1756 1212,1758 1207,1754 1198,1754 1193,1758 1192,1758 1192,1800 1315,1801 1315,1756 1281,1756 1277,1753"/>
          <TextEquiv conf="0.82780623">
            <Unicode>partes</Unicode>
          </TextEquiv>
        </Word>
        <Word id="region0003_line0020_word0007" custom="readingOrder {index:7;} textStyle {offset:0; length:10;italic:true; fontSize:0.0; kerning:0;}">
          <Coords points="1334,1755 1330,1755 1330,1788 1538,1788 1538,1755 1478,1755 1466,1756 1366,1757 1349,1756 1347,1755"/>
          <TextEquiv conf="0.8851381">
            <Unicode>traxerunt.</Unicode>
          </TextEquiv>
        </Word>
        <Word id="region0003_line0020_word0008" custom="readingOrder {index:8;} textStyle {offset:0; length:6;italic:true; fontSize:0.0; kerning:0;}">
          <Coords points="1567,1747 1567,1800 1695,1800 1695,1747 1637,1747 1635,1755 1631,1755 1626,1747"/>
          <TextEquiv>
            <Unicode>Cauſſa</Unicode>
          </TextEquiv>
        </Word>
        <TextEquiv>
          <Unicode>titi (ϰαταψευδόμενοι τȣ̃ Θεȣ̃), in ſuas partes traxerunt. Cauſſa</Unicode>
        </TextEquiv>
      </TextLine>
      <TextLine id="region0003_line0021" custom="readingOrder {index:20;}">
        <Coords points="1599,1803 1592,1807 1588,1814 1552,1811 1537,1815 1459,1819 1441,1828 1424,1810 1412,1811 1407,1819 1384,1819 1383,1811 1378,1806 1345,1805 1315,1807 1295,1815 1266,1817 1256,1817 1248,1807 1237,1807 1229,1810 1222,1819 1202,1820 1042,1825 1036,1814 1023,1813 1012,1814 1005,1825 875,1824 717,1831 705,1831 700,1820 687,1818 680,1822 678,1829 659,1833 654,1833 651,1825 632,1822 628,1825 625,1835 568,1837 556,1834 550,1828 538,1831 533,1838 509,1840 458,1842 452,1835 440,1835 434,1844 416,1845 416,1889 462,1889 542,1881 613,1880 772,1871 833,1872 842,1880 850,1880 858,1872 935,1871 947,1880 959,1880 965,1870 1049,1869 1054,1873 1067,1874 1075,1867 1088,1866 1097,1861 1115,1865 1120,1870 1131,1870 1137,1865 1169,1865 1178,1856 1195,1864 1253,1860 1281,1864 1294,1869 1322,1870 1365,1869 1407,1862 1447,1870 1457,1865 1515,1859 1550,1859 1583,1864 1605,1859 1621,1859 1635,1865 1647,1865 1653,1859 1711,1859 1711,1812 1676,1813 1674,1807 1666,1803 1652,1808 1629,1807 1628,1814 1622,1816 1616,1807 1608,1803"/>
        <Baseline points="416,1878 766,1861 1711,1849"/>
        <Word id="region0003_line0021_word0000" custom="readingOrder {index:0;} textStyle {offset:0; length:9;italic:true; fontSize:0.0; kerning:0;}">
          <Coords points="433,1877 604,1877 606,1835 568,1837 556,1834 550,1828 538,1831 533,1838 509,1840 458,1842 452,1835 440,1835 435,1842"/>
          <TextEquiv>
            <Unicode>interitus</Unicode>
          </TextEquiv>
        </Word>
        <Word id="region0003_line0021_word0001" custom="readingOrder {index:1;} textStyle {offset:0; length:10;italic:true; fontSize:0.0; kerning:0;}">
          <Coords points="624,1865 853,1866 853,1836 717,1843 705,1843 700,1832 687,1830 680,1834 678,1841 659,1845 654,1845 651,1837 632,1834 628,1837 625,1847 624,1847"/>
          <TextEquiv>
            <Unicode>ludaeorum,</Unicode>
          </TextEquiv>
        </Word>
        <Word id="region0003_line0021_word0002" custom="readingOrder {index:2;}">
          <Coords points="875,1845 916,1845 916,1824 875,1824"/>
          <TextEquiv conf="0.92064357">
            <Unicode>vt</Unicode>
          </TextEquiv>
        </Word>
        <Word id="region0003_line0021_word0003" custom="readingOrder {index:3;}">
          <Coords points="939,1856 1064,1857 1064,1824 1042,1825 1036,1814 1023,1813 1012,1814 1005,1825 939,1824"/>
          <TextEquiv conf="0.8512759">
            <Unicode>paullo</Unicode>
          </TextEquiv>
        </Word>
        <Word id="region0003_line0021_word0004" custom="readingOrder {index:4;}">
          <Coords points="1081,1851 1165,1851 1165,1821 1081,1823"/>
          <TextEquiv conf="0.79732764">
            <Unicode>ante</Unicode>
          </TextEquiv>
        </Word>
        <Word id="region0003_line0021_word0005" custom="readingOrder {index:5;}">
          <Coords points="1233,1808 1229,1810 1222,1819 1202,1820 1181,1820 1181,1853 1306,1854 1306,1810 1295,1815 1266,1817 1256,1817 1249,1808"/>
          <TextEquiv>
            <Unicode>refert,</Unicode>
          </TextEquiv>
        </Word>
        <Word id="region0003_line0021_word0006" custom="readingOrder {index:6;}">
          <Coords points="1315,1807 1368,1807 1368,1856 1315,1856"/>
          <TextEquiv>
            <Unicode>(§.</Unicode>
          </TextEquiv>
        </Word>
        <Word id="region0003_line0021_word0007" custom="readingOrder {index:7;}">
          <Coords points="1380,1812 1380,1855 1467,1855 1467,1818 1459,1819 1441,1828 1425,1812 1411,1812 1407,1819 1384,1819 1383,1812"/>
          <TextEquiv>
            <Unicode>2.),</Unicode>
          </TextEquiv>
        </Word>
        <Word id="region0003_line0021_word0008" custom="readingOrder {index:8;} textStyle {offset:0; length:4;italic:true; fontSize:0.0; kerning:0;}">
          <Coords points="1480,1848 1565,1849 1565,1817 1510,1816 1480,1817"/>
          <TextEquiv conf="0.7842119">
            <Unicode>erat</Unicode>
          </TextEquiv>
        </Word>
        <Word id="region0003_line0021_word0009" custom="readingOrder {index:9;} textStyle {offset:0; length:6;italic:true; fontSize:0.0; kerning:0;}">
          <Coords points="1590,1809 1588,1814 1581,1813 1581,1859 1605,1859 1621,1859 1653,1859 1697,1859 1697,1812 1676,1813 1674,1809 1628,1809 1628,1814 1622,1816 1617,1809"/>
          <TextEquiv conf="0.8443687">
            <Unicode>falſus</Unicode>
          </TextEquiv>
        </Word>
        <TextEquiv>
          <Unicode>interitus ludaeorum, vt paullo ante refert, (§. 2.), erat falſus</Unicode>
        </TextEquiv>
      </TextLine>
      <TextLine id="region0003_line0022" custom="readingOrder {index:21;}">
        <Coords points="1178,1857 1169,1866 1173,1872 1113,1874 1110,1865 1097,1862 1088,1867 1088,1876 1054,1874 1049,1878 995,1883 991,1880 982,1879 978,1882 948,1883 935,1872 916,1872 912,1876 900,1875 896,1878 894,1886 885,1887 881,1886 878,1878 866,1877 862,1880 861,1886 856,1888 713,1889 711,1879 701,1876 689,1878 687,1890 669,1887 662,1891 603,1890 535,1895 529,1886 515,1885 509,1889 507,1897 488,1901 446,1902 439,1895 427,1895 421,1904 417,1904 417,1947 425,1948 424,1959 426,1963 436,1964 453,1961 460,1945 586,1941 591,1950 607,1952 615,1947 617,1939 636,1935 652,1935 656,1947 671,1948 676,1944 678,1935 747,1935 766,1937 772,1946 784,1944 789,1937 803,1937 805,1944 810,1948 829,1948 835,1942 836,1932 923,1931 960,1929 968,1925 1001,1928 1015,1918 1026,1926 1031,1926 1035,1931 1050,1932 1060,1930 1066,1921 1080,1917 1123,1914 1712,1909 1711,1867 1661,1868 1649,1865 1635,1866 1621,1860 1605,1860 1583,1865 1534,1863 1447,1871 1428,1870 1426,1866 1417,1863 1407,1863 1401,1869 1322,1871 1259,1869 1257,1863 1244,1861 1238,1864 1220,1863 1214,1872 1201,1872 1197,1865"/>
        <Baseline points="417,1936 795,1927 1102,1905 1711,1899"/>
        <Word id="region0003_line0022_word0000" custom="readingOrder {index:0;} textStyle {offset:0; length:6;italic:true; fontSize:0.0; kerning:0;}">
          <Coords points="432,1938 588,1932 588,1908 535,1895 529,1886 515,1885 509,1889 507,1897 488,1901 446,1902 439,1895 432,1918"/>
          <TextEquiv conf="0.8953501">
            <Unicode>quidam</Unicode>
          </TextEquiv>
        </Word>
        <Word id="region0003_line0022_word0001" custom="readingOrder {index:1;} textStyle {offset:0; length:9;italic:true; fontSize:0.0; kerning:0;}">
          <Coords points="596,1927 782,1928 782,1888 713,1889 711,1879 701,1876 689,1878 687,1890 669,1887 662,1891 603,1890 596,1890"/>
          <TextEquiv>
            <Unicode>propheta,</Unicode>
          </TextEquiv>
        </Word>
        <Word id="region0003_line0022_word0002" custom="readingOrder {index:2;} textStyle {offset:0; length:3;italic:true; fontSize:0.0; kerning:0;}">
          <Coords points="811,1916 874,1916 874,1877 866,1877 862,1880 861,1886 856,1888 811,1888"/>
          <TextEquiv conf="0.90500486">
            <Unicode>qui</Unicode>
          </TextEquiv>
        </Word>
        <Word id="region0003_line0022_word0003" custom="readingOrder {index:3;} textStyle {offset:0; length:4;italic:true; fontSize:0.0; kerning:0;}">
          <Coords points="896,1919 957,1919 957,1882 948,1883 935,1872 916,1872 912,1876 900,1875 896,1878"/>
          <TextEquiv conf="0.9130391">
            <Unicode>illo</Unicode>
          </TextEquiv>
        </Word>
        <Word id="region0003_line0022_word0004" custom="readingOrder {index:4;} textStyle {offset:0; length:7;italic:true; fontSize:0.0; kerning:0;}">
          <Coords points="975,1912 1131,1913 1131,1873 1113,1874 1110,1865 1097,1862 1088,1867 1088,1876 1054,1874 1049,1878 995,1883 991,1880 982,1879 978,1882 975,1882"/>
          <TextEquiv>
            <Unicode>tempore</Unicode>
          </TextEquiv>
        </Word>
        <Word id="region0003_line0022_word0005" custom="readingOrder {index:5;} textStyle {offset:0; length:7;italic:true; fontSize:0.0; kerning:0;}">
          <Coords points="1178,1857 1169,1866 1173,1872 1151,1873 1151,1901 1295,1902 1295,1870 1259,1869 1257,1863 1244,1861 1238,1864 1220,1863 1214,1872 1201,1872 1197,1865 1178,1857"/>
          <TextEquiv conf="0.8895144">
            <Unicode>ciuibus</Unicode>
          </TextEquiv>
        </Word>
        <Word id="region0003_line0022_word0006" custom="readingOrder {index:6;} textStyle {offset:0; length:12;italic:true; fontSize:0.0; kerning:0;}">
          <Coords points="1402,1867 1401,1869 1322,1871 1306,1870 1306,1903 1566,1904 1566,1868 1483,1867 1447,1871 1428,1870 1426,1867"/>
          <TextEquiv>
            <Unicode>nunciauerat:</Unicode>
          </TextEquiv>
        </Word>
        <Word id="region0003_line0022_word0007" custom="readingOrder {index:7;} textStyle {offset:0; length:4;italic:true; fontSize:0.0; kerning:0;}">
          <Coords points="1594,1867 1594,1904 1697,1904 1697,1867 1661,1868 1657,1867"/>
          <TextEquiv conf="0.90015185">
            <Unicode>Deus</Unicode>
          </TextEquiv>
        </Word>
        <TextEquiv>
          <Unicode>quidam propheta, qui illo tempore ciuibus nunciauerat: Deus</Unicode>
        </TextEquiv>
      </TextLine>
      <TextLine id="region0003_line0023" custom="readingOrder {index:22;}">
        <Coords points="1654,1911 1648,1916 1626,1912 1547,1913 1537,1922 1450,1922 1439,1911 1423,1911 1411,1921 1402,1922 1389,1922 1381,1913 1371,1913 1364,1921 1351,1919 1347,1922 1334,1922 1327,1912 1271,1912 1257,1914 1253,1924 1206,1926 1167,1926 1161,1922 1152,1922 1147,1926 1107,1927 1103,1919 1087,1917 1079,1920 1071,1930 1050,1933 1023,1933 1025,1926 1015,1919 1004,1928 1006,1934 998,1934 992,1927 968,1926 959,1930 956,1935 950,1930 936,1930 931,1931 926,1939 884,1946 874,1946 872,1940 866,1936 853,1936 840,1950 831,1951 749,1951 745,1941 734,1940 729,1944 727,1951 633,1950 629,1953 585,1956 580,1948 568,1947 562,1957 500,1959 496,1948 484,1946 478,1951 474,1963 416,1965 416,2009 669,1998 690,1998 697,2009 711,2009 716,2005 718,1998 724,1997 822,1991 841,1997 847,1994 847,1988 853,1983 858,1983 863,1989 875,1987 888,1991 888,1982 895,1979 901,1979 906,1985 920,1982 928,1986 995,1976 1075,1977 1088,1973 1124,1971 1214,1969 1250,1971 1258,1978 1266,1978 1278,1971 1289,1969 1306,1968 1310,1971 1319,1971 1323,1968 1360,1968 1366,1972 1389,1969 1395,1977 1401,1978 1409,1971 1420,1969 1430,1979 1444,1979 1455,1976 1461,1966 1467,1965 1711,1965 1712,1921 1704,1921 1698,1913 1686,1913 1679,1919 1669,1911"/>
        <Baseline points="416,1998 835,1982 1118,1961 1712,1955"/>
        <Word id="region0003_line0023_word0000" custom="readingOrder {index:0;} textStyle {offset:0; length:5;italic:true; fontSize:0.0; kerning:0;}">
          <Coords points="525,1994 522,1946 484,1946 441,1959 439,2004"/>
          <TextEquiv>
            <Unicode>iubet</Unicode>
          </TextEquiv>
        </Word>
        <Word id="region0003_line0023_word0001" custom="readingOrder {index:1;} textStyle {offset:0; length:2;italic:true; fontSize:0.0; kerning:0;}">
          <Coords points="599,1996 598,1948 568,1947 561,1996"/>
          <TextEquiv conf="0.7582915">
            <Unicode>in</Unicode>
          </TextEquiv>
        </Word>
        <Word id="region0003_line0023_word0002" custom="readingOrder {index:2;} textStyle {offset:0; length:7;italic:true; fontSize:0.0; kerning:0;}">
          <Coords points="624,1986 796,1987 800,1951 749,1951 745,1941 734,1940 729,1944 727,1951 633,1950 629,1953 628,1953"/>
          <TextEquiv conf="0.79375">
            <Unicode>templum</Unicode>
          </TextEquiv>
        </Word>
        <Word id="word_1663919161854_2174" custom="readingOrder {index:3;} textStyle {offset:0; length:9;italic:true; fontSize:0.0; kerning:0;}">
          <Coords points="853,1936 866,1936 872,1940 874,1946 884,1946 926,1939 931,1931 936,1930 950,1930 956,1935 959,1930 968,1926 992,1927 998,1934 1002,1934 1002,1977 815,1987 815,1975 831,1951 840,1950"/>
          <TextEquiv>
            <Unicode>aſcendere</Unicode>
          </TextEquiv>
        </Word>
        <Word id="word_1663919161854_2173" custom="readingOrder {index:4;} textStyle {offset:0; length:12;italic:true; fontSize:0.0; kerning:0;}">
          <Coords points="1015,1919 1025,1926 1023,1933 1050,1933 1071,1930 1079,1920 1087,1917 1103,1919 1107,1927 1147,1926 1152,1922 1161,1922 1167,1926 1206,1926 1247,1924 1247,1964 1002,1977 1002,1934 1006,1934 1004,1928"/>
          <TextEquiv>
            <Unicode>conſecuturos</Unicode>
          </TextEquiv>
        </Word>
        <Word id="region0003_line0023_word0004" custom="readingOrder {index:5;} textStyle {offset:0; length:7;italic:true; fontSize:0.0; kerning:0;}">
          <Coords points="1260,1916 1259,1965 1395,1966 1395,1922 1389,1922 1384,1916 1367,1916 1364,1921 1351,1919 1347,1922 1334,1922 1330,1916"/>
          <TextEquiv>
            <Unicode>ſalutis</Unicode>
          </TextEquiv>
        </Word>
        <Word id="region0003_line0023_word0005" custom="readingOrder {index:6;} textStyle {offset:0; length:6;italic:true; fontSize:0.0; kerning:0;}">
          <Coords points="1415,1917 1411,1921 1402,1922 1399,1922 1399,1969 1420,1969 1459,1969 1461,1966 1467,1965 1516,1965 1516,1922 1450,1922 1445,1917"/>
          <TextEquiv>
            <Unicode>ſigna.</Unicode>
          </TextEquiv>
        </Word>
        <Word id="region0003_line0023_word0006" custom="readingOrder {index:7;} textStyle {offset:0; length:5;italic:true; fontSize:0.0; kerning:0;}">
          <Coords points="1576,1920 1695,1920 1695,1958 1576,1958"/>
          <TextEquiv conf="0.8681883">
            <Unicode>Multi</Unicode>
          </TextEquiv>
        </Word>
        <TextEquiv>
          <Unicode>iubet in templum aſcendere conſecuturos ſalutis ſigna. Multi</Unicode>
        </TextEquiv>
      </TextLine>
      <TextLine id="region0003_line0024" custom="readingOrder {index:23;}">
        <Coords points="1583,1966 1578,1970 1577,1979 1570,1975 1558,1974 1553,1978 1511,1978 1506,1974 1494,1974 1489,1978 1426,1980 1420,1970 1415,1970 1400,1980 1375,1980 1370,1976 1344,1980 1327,1977 1310,1979 1304,1970 1289,1970 1278,1982 1253,1984 1215,1984 1210,1975 1198,1974 1187,1984 1089,1985 1059,1982 1000,1990 996,1981 984,1979 975,1986 934,1991 928,1991 927,1986 920,1983 906,1986 901,1980 895,1980 889,1982 889,1991 904,1990 904,1993 887,1994 875,1988 863,1990 858,1984 853,1984 848,1988 848,1994 841,1998 822,1992 805,1999 708,2011 612,2016 584,2013 579,2017 510,2021 487,2019 483,2022 416,2025 416,2068 465,2070 534,2063 658,2059 718,2050 766,2049 787,2045 802,2051 810,2051 819,2043 836,2040 868,2039 880,2042 892,2037 918,2040 923,2035 971,2032 989,2033 997,2036 1004,2035 1004,2027 1009,2024 1016,2025 1023,2032 1043,2031 1047,2036 1056,2037 1063,2042 1077,2041 1087,2035 1092,2028 1114,2027 1234,2028 1296,2026 1302,2031 1315,2033 1323,2032 1325,2026 1342,2026 1344,2033 1349,2037 1365,2037 1370,2032 1371,2024 1445,2024 1471,2025 1473,2033 1477,2036 1499,2037 1507,2025 1528,2022 1538,2023 1541,2032 1546,2036 1567,2036 1571,2023 1653,2023 1666,2025 1668,2031 1675,2035 1711,2032 1711,1978 1640,1978 1634,1973 1624,1973 1618,1978 1604,1978 1599,1966"/>
        <Baseline points="416,2058 1090,2018 1561,2013 1711,2019"/>
        <Word id="word_1663919252826_2222" custom="readingOrder {index:0;} textStyle {offset:0; length:5;italic:true; fontSize:0.0; kerning:0;}">
          <Coords points="441,2034 558,2034 558,2054 441,2054"/>
          <TextEquiv>
            <Unicode>autem</Unicode>
          </TextEquiv>
        </Word>
        <Word id="word_1663919250794_2219" custom="readingOrder {index:1;} textStyle {offset:0; length:3;italic:true; fontSize:0.0; kerning:0;}">
          <Coords points="577,2020 650,2020 650,2043 577,2043"/>
          <TextEquiv>
            <Unicode>tum</Unicode>
          </TextEquiv>
        </Word>
        <Word id="region0003_line0024_word0002" custom="readingOrder {index:2;} textStyle {offset:0; length:5;italic:true; fontSize:0.0; kerning:0;}">
          <Coords points="686,2020 795,2010 786,2035 675,2042"/>
          <TextEquiv>
            <Unicode>erant</Unicode>
          </TextEquiv>
        </Word>
        <Word id="region0003_line0024_word0003" custom="readingOrder {index:3;} textStyle {offset:0; length:9;italic:true; fontSize:0.0; kerning:0;}">
          <Coords points="800,2043 996,2025 996,1993 1000,1990 996,1981 984,1979 975,1986 934,1991 928,1991 927,1986 920,1983 906,1986 901,1980 895,1980 889,1982 889,1991 904,1990 904,1993 887,1994 875,1988 863,1990 858,1984 853,1984 848,1988 848,1994 841,1998 822,1992 805,1999 800,2026"/>
          <TextEquiv>
            <Unicode>ſubornati</Unicode>
          </TextEquiv>
        </Word>
        <Word id="region0003_line0024_word0004" custom="readingOrder {index:4;} textStyle {offset:0; length:1;italic:true; fontSize:0.0; kerning:0;}">
          <Coords points="1035,2026 1035,1985 1013,1988 1013,2024 1016,2025 1017,2026"/>
          <TextEquiv conf="0.85005003">
            <Unicode>a</Unicode>
          </TextEquiv>
        </Word>
        <Word id="region0003_line0024_word0005" custom="readingOrder {index:5;} textStyle {offset:0; length:8;italic:true; fontSize:0.0; kerning:0;}">
          <Coords points="1053,2020 1223,2020 1223,1984 1215,1984 1210,1975 1198,1974 1187,1984 1089,1985 1059,1982 1053,1982"/>
          <TextEquiv>
            <Unicode>tyrannis</Unicode>
          </TextEquiv>
        </Word>
        <Word id="region0003_line0024_word0006" custom="readingOrder {index:6;} textStyle {offset:0; length:2;italic:true; fontSize:0.0; kerning:0;}">
          <Coords points="1248,2010 1301,2011 1301,1970 1289,1970 1278,1982 1253,1984 1248,1984"/>
          <TextEquiv conf="0.91862524">
            <Unicode>ad</Unicode>
          </TextEquiv>
        </Word>
        <Word id="region0003_line0024_word0007" custom="readingOrder {index:7;} textStyle {offset:0; length:7;italic:true; fontSize:0.0; kerning:0;}">
          <Coords points="1413,1971 1400,1980 1375,1980 1370,1976 1344,1980 1327,1977 1310,1979 1305,1971 1305,2022 1476,2022 1476,1978 1426,1980 1420,1971"/>
          <TextEquiv conf="0.91089857">
            <Unicode>populum</Unicode>
          </TextEquiv>
        </Word>
        <Word id="region0003_line0024_word0008" custom="readingOrder {index:8;} textStyle {offset:0; length:10;italic:true; fontSize:0.0; kerning:0;}">
          <Coords points="1580,1968 1578,1970 1577,1979 1570,1975 1558,1974 1553,1978 1511,1978 1506,1974 1494,1974 1489,1978 1481,1978 1481,2023 1520,2023 1528,2022 1538,2023 1538,2023 1571,2023 1571,2023 1653,2023 1659,2024 1690,2024 1690,1978 1640,1978 1634,1973 1624,1973 1618,1978 1604,1978 1600,1969"/>
          <TextEquiv conf="0.4682229">
            <Unicode>prophetae,</Unicode>
          </TextEquiv>
        </Word>
        <TextEquiv>
          <Unicode>autem tum erant ſubornati a tyrannis ad populum prophetae,</Unicode>
        </TextEquiv>
      </TextLine>
      <TextLine id="region0003_line0025" custom="readingOrder {index:24;}">
        <Coords points="1009,2025 1005,2027 1004,2036 961,2034 956,2039 955,2047 879,2049 878,2044 873,2041 858,2040 853,2043 851,2051 845,2052 803,2053 792,2046 787,2046 767,2049 759,2055 744,2057 734,2050 718,2051 707,2059 678,2062 675,2058 663,2058 658,2062 632,2059 624,2063 597,2064 580,2068 569,2066 556,2070 549,2064 534,2064 529,2066 525,2073 495,2075 485,2075 481,2069 459,2071 455,2078 416,2079 416,2122 671,2107 730,2114 737,2105 748,2100 855,2095 920,2094 940,2100 968,2101 998,2100 1013,2097 1022,2091 1052,2089 1300,2085 1421,2086 1426,2081 1426,2058 1421,2053 1396,2051 1394,2046 1387,2042 1326,2040 1323,2033 1305,2033 1296,2027 1263,2027 1258,2032 1257,2042 1157,2042 1155,2035 1150,2031 1126,2029 1111,2032 1105,2043 1022,2046 1020,2037 1023,2033 1016,2026"/>
        <Baseline points="416,2110 852,2085 1426,2077"/>
        <Word id="region0003_line0025_word0000" custom="readingOrder {index:0;} textStyle {offset:0; length:10;italic:true; fontSize:0.0; kerning:0;}">
          <Coords points="626,2067 528,2072 435,2086 431,2113 636,2106 638,2068"/>
          <TextEquiv>
            <Unicode>nunciantes</Unicode>
          </TextEquiv>
        </Word>
        <Word id="region0003_line0025_word0001" custom="readingOrder {index:1;} textStyle {offset:0; length:12;italic:true; fontSize:0.0; kerning:0;}">
          <Coords points="660,2102 928,2082 928,2047 879,2049 878,2044 873,2041 858,2040 853,2043 851,2051 845,2052 803,2053 792,2046 787,2046 767,2049 759,2055 744,2057 734,2050 718,2051 707,2059 678,2062 675,2058 663,2058 660,2083"/>
          <TextEquiv>
            <Unicode>exſpectandum</Unicode>
          </TextEquiv>
        </Word>
        <Word id="region0003_line0025_word0002" custom="readingOrder {index:2;} textStyle {offset:0; length:4;italic:true; fontSize:0.0; kerning:0;}">
          <Coords points="946,2081 1011,2082 1011,2031 1004,2030 1004,2036 961,2034 956,2039 955,2047 946,2047"/>
          <TextEquiv conf="0.90345603">
            <Unicode>eſſe</Unicode>
          </TextEquiv>
        </Word>
        <Word id="region0003_line0025_word0003" custom="readingOrder {index:3;} textStyle {offset:0; length:8;italic:true; fontSize:0.0; kerning:0;}">
          <Coords points="1116,2031 1111,2032 1105,2043 1024,2045 1024,2073 1217,2073 1217,2042 1157,2042 1155,2035 1150,2031"/>
          <TextEquiv conf="0.90476805">
            <Unicode>auxilium</Unicode>
          </TextEquiv>
        </Word>
        <Word id="region0003_line0025_word0004" custom="readingOrder {index:4;} textStyle {offset:0; length:1;italic:true; fontSize:0.0; kerning:0;}">
          <Coords points="1230,2045 1257,2045 1257,2070 1230,2070"/>
          <TextEquiv conf="0.903934">
            <Unicode>a</Unicode>
          </TextEquiv>
        </Word>
        <Word id="region0003_line0025_word0005" custom="readingOrder {index:5;} textStyle {offset:0; length:4;italic:true; fontSize:0.0; kerning:0;}">
          <Coords points="1269,2031 1269,2072 1361,2073 1361,2041 1326,2040 1323,2033 1305,2033 1302,2031"/>
          <TextEquiv conf="0.8921921">
            <Unicode>Deo.</Unicode>
          </TextEquiv>
        </Word>
        <TextEquiv>
          <Unicode>nunciantes exſpectandum eſſe auxilium a Deo.</Unicode>
        </TextEquiv>
      </TextLine>
      <TextEquiv>
        <Unicode>omnes, etſi aequiſſimas, ſibi, a Tito Imperatore in primis, Agrip-&#13;
pa Rege, &amp; Ioſepho, oblatas pacis conditiones ad extremam vs.&#13;
que rerum ſuarum deſperationem contemſerant (II, 19,3. V,&#13;
9,3 ſeq. ll, 2. VI, 2, 1&amp; 4. 6, 2.), profundiſſimae ſe impu-&#13;
dicitiae foediſſimaeque libidini dederant (IV, 9, 10), infinitum&#13;
de plebe non ſolum ſed primariorum quoque virorum nume-&#13;
rum crudeliſſime occiderant (IIII, 3.5. V, 1. 3. 13,I. X, I. 4. &amp;c.).&#13;
Ne ſacerdotibus quidem perpercerant, e quibus, iisque Pon-&#13;
tificibus Maximis, non dubitauerant Ananum &amp; Ezechiam&#13;
(II, 17,9), Ananum alium, virum ſanctum pacisque ſtudio-&#13;
ſum, itemque Ieſum (IIII, 3,7. V,I, 2) &amp; Matthiam interfi-&#13;
cere (V, 13, 1), contra pro arbitrio, ſecus quam lex iuſſiſſet&#13;
Dei, contemtoque ſucceſſionis iure, ipſi nouos Pontifices con-&#13;
ſtituere (IV, 3, 6.7). Imperatori denique &amp; facta ſeditione obſe-&#13;
quium, &amp; in extremo diſcrimine vrbis deditionem, &amp; ſacrifi-&#13;
cium, quod pro eo offerre in templo moris erat, negauerant&#13;
(II, 17,2.). Mitto reliqua, quae IOSEPHVS copioſius per-&#13;
ſequitur. Qui quidem (VI, 5.3), de fraude etiam &amp; com-&#13;
menticiis prodigiis: miſerum populum, inquit, Deum emen-&#13;
titi (ϰαταψευδόμενοι τȣ̃ Θεȣ̃), in ſuas partes traxerunt. Cauſſa&#13;
interitus ludaeorum, vt paullo ante refert, (§. 2.), erat falſus&#13;
quidam propheta, qui illo tempore ciuibus nunciauerat: Deus&#13;
iubet in templum aſcendere conſecuturos ſalutis ſigna. Multi&#13;
autem tum erant ſubornati a tyrannis ad populum prophetae,&#13;
nunciantes exſpectandum eſſe auxilium a Deo.</Unicode>
      </TextEquiv>
    </TextRegion>
    <TextRegion orientation="-0.19745108" type="heading" readingDirection="left-to-right" id="TextRegion_1663917996389_1804" custom="readingOrder {index:2;} structure {type:heading;}">
      <Coords points="416,2128 1712,2128 1712,2213 416,2213"/>
      <TextLine id="region0003_line0027" custom="readingOrder {index:0;}">
        <Coords points="1099,2156 952,2156 947,2161 947,2184 952,2189 962,2190 963,2212 1183,2211 1183,2190 1176,2184 1176,2161 1173,2157"/>
        <Baseline points="947,2181 1176,2180"/>
        <Word id="region0003_line0027_word0000" custom="readingOrder {index:0;}">
          <Coords points="1119,2181 1015,2181 1015,2211 1119,2211"/>
          <TextEquiv>
            <Unicode>XVI.</Unicode>
          </TextEquiv>
        </Word>
        <TextEquiv>
          <Unicode>XVI.</Unicode>
        </TextEquiv>
      </TextLine>
      <TextEquiv>
        <Unicode>XVI.</Unicode>
      </TextEquiv>
    </TextRegion>
    <TextRegion orientation="-0.19745108" readingDirection="left-to-right" id="TextRegion_1663917970711_1791" custom="readingOrder {index:3;}">
      <Coords points="538,2227 1698,2227 1720,2314 1720,2398 1703,2553 1064,2557 426,2594 426,2474 426,2465 426,2351"/>
      <TextLine id="region0004_line0002" custom="readingOrder {index:0;}">
        <Coords points="1371,2251 1354,2252 1349,2256 1348,2264 1341,2266 1276,2266 1271,2256 1260,2254 1250,2258 1245,2265 1201,2267 1199,2259 1193,2254 1171,2254 1162,2261 1160,2267 1155,2267 1140,2256 1071,2255 1066,2260 1065,2271 881,2274 812,2280 730,2281 636,2287 609,2287 591,2281 538,2281 538,2335 642,2335 803,2327 810,2336 827,2336 833,2333 837,2324 858,2322 940,2320 954,2321 959,2326 970,2326 977,2323 1006,2322 1013,2329 1021,2329 1040,2325 1051,2316 1135,2313 1256,2314 1497,2310 1508,2311 1516,2322 1533,2322 1539,2318 1541,2310 1557,2310 1697,2313 1697,2266 1607,2263 1445,2264 1444,2256 1439,2251 1429,2251 1419,2257 1410,2251"/>
        <Word id="region0004_line0002_word0000" custom="readingOrder {index:0;}">
          <Coords points="542,2326 714,2327 716,2281 636,2287 609,2287 591,2281 544,2281"/>
          <TextEquiv conf="0.9073892">
            <Unicode>Ceterum</Unicode>
          </TextEquiv>
        </Word>
        <Word id="region0004_line0002_word0001" custom="readingOrder {index:1;}">
          <Coords points="737,2310 900,2310 900,2273 881,2274 812,2280 737,2280"/>
          <TextEquiv conf="0.9041018">
            <Unicode>tempore</Unicode>
          </TextEquiv>
        </Word>
        <Word id="region0004_line0002_word0002" custom="readingOrder {index:2;}">
          <Coords points="914,2304 973,2305 973,2272 914,2273"/>
          <TextEquiv conf="0.8508078">
            <Unicode>eo,</Unicode>
          </TextEquiv>
        </Word>
        <Word id="region0004_line0002_word0003" custom="readingOrder {index:3;}">
          <Coords points="1000,2310 1078,2310 1078,2270 1065,2270 1065,2271 1000,2272"/>
          <TextEquiv conf="0.80432785">
            <Unicode>quo</Unicode>
          </TextEquiv>
        </Word>
        <Word id="region0004_line0002_word0004" custom="readingOrder {index:4;}">
          <Coords points="1092,2258 1092,2301 1237,2301 1237,2265 1201,2267 1199,2259 1197,2258 1165,2258 1162,2261 1160,2267 1155,2267 1142,2258"/>
          <TextEquiv conf="0.90843046">
            <Unicode>Paullus</Unicode>
          </TextEquiv>
        </Word>
        <Word id="region0004_line0002_word0005" custom="readingOrder {index:5;}">
          <Coords points="1254,2259 1254,2299 1345,2300 1345,2264 1341,2266 1276,2266 1272,2259"/>
          <TextEquiv conf="0.9067856">
            <Unicode>haec</Unicode>
          </TextEquiv>
        </Word>
        <Word id="region0004_line0002_word0006" custom="readingOrder {index:6;}">
          <Coords points="1367,2258 1367,2300 1496,2300 1496,2263 1445,2264 1444,2258"/>
          <TextEquiv conf="0.9266736">
            <Unicode>ſcelera</Unicode>
          </TextEquiv>
        </Word>
        <Word id="region0004_line0002_word0007" custom="readingOrder {index:7;}">
          <Coords points="1694,2270 1516,2269 1516,2312 1540,2312 1541,2310 1557,2310 1694,2312"/>
          <TextEquiv conf="0.907336">
            <Unicode>praenun-</Unicode>
          </TextEquiv>
        </Word>
        <TextEquiv conf="0.88948154">
          <Unicode>Ceterum tempore eo, quo Paullus haec ſcelera praenun-</Unicode>
        </TextEquiv>
      </TextLine>
      <TextLine id="line_1663919384539_2319" custom="readingOrder {index:1;}">
        <Coords points="446,2352 531,2338 641,2332 951,2319 1064,2316 1546,2314 1615,2315 1719,2331 1719,2376 426,2409 426,2363"/>
        <Word id="word_1663919387519_2323" custom="readingOrder {index:0;}">
          <Coords points="510,2354 539,2365 539,2393 504,2404 432,2404 432,2363 439,2361"/>
          <TextEquiv>
            <Unicode>tiabat</Unicode>
          </TextEquiv>
        </Word>
        <Word id="region0008_line0002_word0001" custom="readingOrder {index:1;}">
          <Coords points="558,2363 928,2364 928,2332 924,2334 877,2336 870,2326 843,2325 834,2329 829,2338 823,2340 770,2343 765,2335 752,2333 747,2337 745,2344 716,2344 712,2335 704,2332 641,2332 632,2333 626,2339 558,2338"/>
          <TextEquiv conf="0.8249867">
            <Unicode>Theſſalonicenſibus</Unicode>
          </TextEquiv>
        </Word>
        <Word id="region0008_line0002_word0002" custom="readingOrder {index:2;}">
          <Coords points="957,2321 957,2369 1191,2370 1191,2328 1158,2328 1156,2321 1136,2321 1133,2328 1086,2327 1081,2321 1039,2321 1034,2327 1025,2322 1019,2321"/>
          <TextEquiv conf="0.8758741">
            <Unicode>Chriſtianis,</Unicode>
          </TextEquiv>
        </Word>
        <Word id="region0008_line0002_word0003" custom="readingOrder {index:3;}">
          <Coords points="1303,2322 1302,2327 1224,2327 1224,2362 1388,2363 1388,2325 1387,2326 1329,2326 1328,2322"/>
          <TextEquiv conf="0.91377187">
            <Unicode>nondum</Unicode>
          </TextEquiv>
        </Word>
        <Word id="region0008_line0002_word0004" custom="readingOrder {index:4;}">
          <Coords points="1415,2334 1515,2334 1515,2362 1415,2362"/>
          <TextEquiv conf="0.9009094">
            <Unicode>erant</Unicode>
          </TextEquiv>
        </Word>
        <Word id="region0008_line0002_word0005" custom="readingOrder {index:5;}">
          <Coords points="1544,2321 1544,2366 1716,2367 1716,2330 1617,2329 1615,2321"/>
          <TextEquiv>
            <Unicode>aſſecuta</Unicode>
          </TextEquiv>
        </Word>
        <TextEquiv>
          <Unicode>tiabat Theſſalonicenſibus Chriſtianis, nondum erant aſſecuta</Unicode>
        </TextEquiv>
      </TextLine>
      <TextLine id="region0005_line0002" custom="readingOrder {index:2;}">
        <Coords points="1345,2367 1339,2372 1331,2387 1230,2383 933,2392 926,2380 914,2379 909,2383 906,2394 862,2395 857,2387 844,2386 829,2389 823,2401 815,2402 805,2388 794,2387 788,2393 788,2401 783,2403 780,2403 778,2396 771,2392 693,2391 686,2395 684,2404 616,2405 567,2410 562,2404 556,2403 546,2405 540,2413 426,2421 426,2464 503,2464 603,2453 712,2449 739,2443 761,2443 766,2454 776,2455 788,2449 800,2450 807,2443 815,2442 824,2442 829,2447 839,2447 850,2439 1009,2431 1032,2440 1091,2437 1096,2442 1106,2442 1117,2432 1177,2430 1181,2438 1197,2441 1206,2439 1210,2430 1234,2429 1260,2433 1268,2441 1277,2441 1284,2435 1300,2435 1321,2428 1421,2424 1430,2432 1439,2432 1449,2424 1459,2424 1498,2428 1537,2427 1596,2433 1699,2436 1699,2392 1617,2391 1575,2384 1370,2384 1362,2370 1357,2367"/>
        <Word id="region0005_line0002_word0000" custom="readingOrder {index:0;}">
          <Coords points="680,2442 680,2404 616,2405 567,2410 562,2404 556,2403 546,2405 429,2431 440,2456"/>
          <TextEquiv conf="0.6331931">
            <Unicode>maturitatem.</Unicode>
          </TextEquiv>
        </Word>
        <Word id="region0005_line0002_word0001" custom="readingOrder {index:1;}">
          <Coords points="738,2422 805,2422 805,2388 794,2387 788,2393 788,2401 783,2403 780,2403 778,2396 771,2392 738,2391"/>
          <TextEquiv>
            <Unicode>Καϳ</Unicode>
          </TextEquiv>
        </Word>
        <Word id="region0005_line0002_word0002" custom="readingOrder {index:2;}">
          <Coords points="820,2431 869,2431 869,2394 862,2395 857,2387 844,2386 829,2389 823,2401 820,2401"/>
          <TextEquiv>
            <Unicode>νυ̃ν</Unicode>
          </TextEquiv>
        </Word>
        <Word id="region0005_line0002_word0003" custom="readingOrder {index:3;}">
          <Coords points="883,2422 926,2422 926,2380 914,2379 909,2383 906,2394 883,2394"/>
          <TextEquiv>
            <Unicode>τὸ</Unicode>
          </TextEquiv>
        </Word>
        <Word id="region0005_line0002_word0004" custom="readingOrder {index:4;}">
          <Coords points="948,2418 1110,2419 1110,2386 948,2391"/>
          <TextEquiv>
            <Unicode>ϰατέχον,</Unicode>
          </TextEquiv>
        </Word>
        <Word id="region0005_line0002_word0005" custom="readingOrder {index:5;}">
          <Coords points="1137,2422 1280,2423 1280,2384 1230,2383 1137,2385"/>
          <TextEquiv conf="0.1958937">
            <Unicode>inquit,</Unicode>
          </TextEquiv>
        </Word>
        <Word id="region0005_line0002_word0006" custom="readingOrder {index:6;}">
          <Coords points="1343,2368 1339,2372 1331,2387 1314,2386 1314,2416 1441,2416 1441,2384 1370,2384 1362,2370 1358,2368"/>
          <TextEquiv>
            <Unicode>οἰδατε,</Unicode>
          </TextEquiv>
        </Word>
        <Word id="region0005_line0002_word0007" custom="readingOrder {index:7;}">
          <Coords points="1471,2384 1515,2384 1515,2411 1471,2411"/>
          <TextEquiv>
            <Unicode>εἰς</Unicode>
          </TextEquiv>
        </Word>
        <Word id="region0005_line0002_word0008" custom="readingOrder {index:8;}">
          <Coords points="1540,2410 1580,2411 1580,2384 1575,2384 1540,2384"/>
          <TextEquiv>
            <Unicode>τὸ</Unicode>
          </TextEquiv>
        </Word>
        <Word id="region0005_line0002_word0009" custom="readingOrder {index:9;}">
          <Coords points="1610,2414 1696,2414 1696,2391 1617,2391 1610,2389"/>
          <TextEquiv>
            <Unicode>ἀπο.</Unicode>
          </TextEquiv>
        </Word>
        <TextEquiv>
          <Unicode>maturitatem. Καϳ νυ̃ν τὸ ϰατέχον, inquit, οἰδατε, εἰς τὸ ἀπο.</Unicode>
        </TextEquiv>
      </TextLine>
      <TextLine id="region0006_line0001" custom="readingOrder {index:3;}">
        <Coords points="1323,2434 1320,2439 1299,2439 1291,2435 1282,2435 1277,2439 1187,2445 1179,2433 1122,2433 1117,2438 1117,2445 1108,2447 1053,2446 1030,2441 1025,2437 1003,2437 989,2447 950,2449 943,2448 943,2442 939,2437 929,2436 920,2442 916,2451 906,2451 900,2443 878,2443 869,2455 822,2456 816,2445 804,2444 798,2448 795,2458 768,2460 760,2446 747,2445 742,2450 741,2461 725,2461 719,2449 706,2447 700,2452 698,2462 629,2466 610,2463 604,2457 581,2461 561,2457 554,2464 521,2464 521,2474 520,2474 501,2474 500,2480 495,2474 476,2474 471,2482 427,2485 427,2525 441,2527 521,2520 541,2525 548,2518 584,2514 603,2515 608,2511 630,2508 638,2515 649,2515 656,2506 683,2503 873,2495 882,2487 892,2490 897,2495 907,2495 947,2491 1097,2487 1102,2498 1116,2499 1126,2495 1125,2487 1134,2479 1145,2486 1144,2493 1151,2498 1161,2496 1167,2489 1249,2482 1526,2490 1551,2492 1553,2500 1564,2507 1580,2505 1583,2493 1619,2493 1621,2501 1633,2505 1649,2503 1653,2492 1662,2491 1668,2485 1678,2484 1687,2491 1700,2491 1700,2448 1580,2452 1558,2444 1520,2443 1515,2433 1500,2433 1496,2443 1449,2443 1447,2433 1406,2433"/>
        <Baseline points="427,2515 683,2493 1041,2478 1286,2473 1562,2485 1700,2481"/>
        <Word id="region0006_line0001_word0001" custom="readingOrder {index:0;}">
          <Coords points="432,2518 604,2507 604,2457 581,2461 561,2457 554,2464 521,2464 521,2474 520,2474 501,2474 500,2480 495,2474 432,2498"/>
          <TextEquiv>
            <Unicode>ϰαλυφϑη̃</Unicode>
          </TextEquiv>
        </Word>
        <Word id="region0006_line0001_word0002" custom="readingOrder {index:1;}">
          <Coords points="620,2504 652,2504 652,2464 629,2466 620,2464"/>
          <TextEquiv>
            <Unicode>αϳ</Unicode>
          </TextEquiv>
        </Word>
        <Word id="region0006_line0001_word0003" custom="readingOrder {index:2;}">
          <Coords points="673,2493 774,2494 774,2459 768,2460 760,2446 747,2445 742,2450 741,2461 725,2461 719,2449 706,2447 700,2452 698,2462 673,2463"/>
          <TextEquiv>
            <Unicode>αύτὸν</Unicode>
          </TextEquiv>
        </Word>
        <Word id="region0006_line0001_word0004" custom="readingOrder {index:3;}">
          <Coords points="797,2478 829,2478 829,2455 822,2456 816,2445 804,2444 798,2448 797,2451"/>
          <TextEquiv>
            <Unicode>ἐν</Unicode>
          </TextEquiv>
        </Word>
        <Word id="region0006_line0001_word0005" custom="readingOrder {index:4;}">
          <Coords points="850,2478 897,2478 897,2444 877,2444 869,2455 850,2455"/>
          <TextEquiv>
            <Unicode>τω̃</Unicode>
          </TextEquiv>
        </Word>
        <Word id="region0006_line0001_word0006" custom="readingOrder {index:5;}">
          <Coords points="924,2439 920,2442 916,2451 916,2477 1023,2478 1023,2440 999,2439 989,2447 950,2449 943,2448 943,2442 940,2439"/>
          <TextEquiv>
            <Unicode>ἑαυτȣ̃</Unicode>
          </TextEquiv>
        </Word>
        <Word id="region0006_line0001_word0007" custom="readingOrder {index:6;}">
          <Coords points="1160,2491 1160,2440 1117,2440 1117,2445 1108,2447 1053,2446 1044,2444 1044,2488 1097,2487 1098,2491 1125,2491 1125,2487 1134,2479 1145,2486 1144,2491"/>
          <TextEquiv>
            <Unicode>ϰαιϱῷ,</Unicode>
          </TextEquiv>
        </Word>
        <Word id="region0006_line0001_word0008" custom="readingOrder {index:7;}">
          <Coords points="1190,2454 1212,2454 1212,2477 1190,2477"/>
          <TextEquiv>
            <Unicode>ϰ</Unicode>
          </TextEquiv>
        </Word>
        <Word id="region0006_line0001_word0009" custom="readingOrder {index:8;}">
          <Coords points="1238,2445 1315,2446 1315,2477 1238,2476"/>
          <TextEquiv>
            <Unicode>τ.λ.</Unicode>
          </TextEquiv>
        </Word>
        <Word id="region0006_line0001_word0010" custom="readingOrder {index:9;} textStyle {offset:0; length:7;italic:true; fontSize:0.0; kerning:0;}">
          <Coords points="1385,2439 1385,2480 1529,2480 1529,2443 1520,2443 1518,2439 1497,2439 1496,2443 1449,2443 1448,2439"/>
          <TextEquiv>
            <Unicode>Tenetis</Unicode>
          </TextEquiv>
        </Word>
        <Word id="region0006_line0001_word0011" custom="readingOrder {index:10;} textStyle {offset:0; length:6;italic:true; fontSize:0.0; kerning:0;}">
          <Coords points="1561,2451 1561,2495 1582,2495 1583,2493 1619,2493 1619,2495 1651,2495 1653,2492 1662,2491 1668,2485 1678,2484 1687,2491 1695,2491 1695,2451 1610,2451 1580,2452 1577,2451"/>
          <TextEquiv>
            <Unicode>quoque</Unicode>
          </TextEquiv>
        </Word>
        <TextEquiv>
          <Unicode>ϰαλυφϑη̃ αϳ αύτὸν ἐν τω̃ ἑαυτȣ̃ ϰαιϱῷ, ϰ τ.λ. Tenetis quoque</Unicode>
        </TextEquiv>
      </TextLine>
      <TextLine id="region0006_line0002" custom="readingOrder {index:4;}">
        <Coords points="1134,2480 1126,2487 1128,2495 1116,2500 1101,2500 1099,2494 1093,2490 1071,2490 1065,2494 1052,2495 1047,2504 1014,2501 1010,2504 927,2508 908,2499 898,2499 892,2491 882,2488 873,2499 878,2505 891,2505 891,2508 874,2509 870,2506 859,2506 853,2510 818,2513 810,2501 798,2501 793,2505 782,2505 778,2508 772,2501 759,2501 754,2504 751,2517 684,2518 603,2526 593,2526 588,2517 576,2516 568,2521 565,2530 548,2536 483,2539 479,2531 465,2529 460,2533 458,2542 448,2533 439,2533 434,2537 433,2544 427,2545 426,2587 482,2587 483,2593 513,2593 514,2583 519,2581 589,2577 647,2568 817,2559 825,2559 831,2568 842,2568 848,2558 904,2555 938,2555 943,2563 955,2564 966,2555 1038,2548 1098,2549 1107,2554 1145,2563 1178,2560 1184,2556 1188,2548 1250,2545 1260,2545 1263,2555 1269,2560 1283,2559 1291,2554 1294,2547 1302,2547 1315,2549 1321,2556 1335,2561 1344,2561 1348,2558 1371,2559 1403,2550 1512,2552 1517,2557 1526,2557 1532,2552 1546,2551 1700,2547 1700,2503 1629,2506 1614,2501 1609,2505 1574,2508 1517,2507 1504,2504 1484,2507 1483,2498 1479,2493 1464,2492 1458,2496 1456,2506 1405,2505 1404,2494 1399,2489 1334,2490 1327,2493 1322,2500 1315,2501 1312,2493 1305,2488 1288,2491 1281,2501 1271,2500 1261,2488 1251,2489 1246,2496 1236,2494 1230,2488 1204,2488 1200,2491 1198,2499 1184,2500 1177,2492 1169,2492 1162,2497 1151,2499 1143,2493 1144,2486"/>
        <Baseline points="427,2578 738,2552 1026,2539 1150,2547 1237,2536 1369,2544 1700,2537"/>
        <Word id="region0006_line0002_word0000" custom="readingOrder {index:0;} textStyle {offset:0; length:2;italic:true; fontSize:0.0; kerning:0;}">
          <Coords points="458,2577 432,2581 435,2536 474,2536 474,2530"/>
          <TextEquiv conf="0.92241645">
            <Unicode>id</Unicode>
          </TextEquiv>
        </Word>
        <Word id="region0006_line0002_word0001" custom="readingOrder {index:1;} textStyle {offset:0; length:4;italic:true; fontSize:0.0; kerning:0;}">
          <Coords points="490,2580 586,2560 584,2516 576,2516 568,2521 565,2530 548,2536 488,2558"/>
          <TextEquiv conf="0.8006175">
            <Unicode>quod</Unicode>
          </TextEquiv>
        </Word>
        <Word id="region0006_line0002_word0002" custom="readingOrder {index:2;} textStyle {offset:0; length:4;italic:true; fontSize:0.0; kerning:0;}">
          <Coords points="600,2558 689,2554 691,2529 684,2518 603,2526 602,2543"/>
          <TextEquiv conf="0.87766683">
            <Unicode>nunc</Unicode>
          </TextEquiv>
        </Word>
        <Word id="region0006_line0002_word0003" custom="readingOrder {index:3;} textStyle {offset:0; length:8;italic:true; fontSize:0.0; kerning:0;}">
          <Coords points="711,2553 870,2541 870,2506 859,2506 853,2510 818,2513 810,2501 798,2501 793,2505 782,2505 778,2508 772,2501 759,2501 754,2504 751,2517 711,2529"/>
          <TextEquiv>
            <Unicode>cohibeat</Unicode>
          </TextEquiv>
        </Word>
        <Word id="region0006_line0002_word0004" custom="readingOrder {index:4;} textStyle {offset:0; length:4;italic:true; fontSize:0.0; kerning:0;}">
          <Coords points="883,2542 960,2542 960,2506 927,2508 908,2499 898,2499 892,2491 883,2488 883,2505 891,2505 891,2508 883,2508"/>
          <TextEquiv conf="0.9181082">
            <Unicode>ita,</Unicode>
          </TextEquiv>
        </Word>
        <Word id="region0006_line0002_word0005" custom="readingOrder {index:5;} textStyle {offset:0; length:2;italic:true; fontSize:0.0; kerning:0;}">
          <Coords points="985,2530 1028,2530 1028,2502 1014,2501 1010,2504 985,2505"/>
          <TextEquiv conf="0.7105922">
            <Unicode>vt</Unicode>
          </TextEquiv>
        </Word>
        <Word id="region0006_line0002_word0006" custom="readingOrder {index:6;} textStyle {offset:0; length:4;italic:true; fontSize:0.0; kerning:0;}">
          <Coords points="1071,2490 1065,2494 1052,2495 1049,2500 1049,2531 1106,2531 1106,2500 1101,2500 1099,2494 1093,2490"/>
          <TextEquiv conf="0.90404">
            <Unicode>ille</Unicode>
          </TextEquiv>
        </Word>
        <Word id="region0006_line0002_word0007" custom="readingOrder {index:7;} textStyle {offset:0; length:12;italic:true; fontSize:0.0; kerning:0;}">
          <Coords points="1203,2488 1200,2491 1198,2499 1184,2500 1177,2492 1169,2492 1162,2497 1151,2499 1124,2500 1124,2548 1353,2545 1353,2489 1334,2490 1327,2493 1322,2500 1315,2501 1312,2493 1306,2488 1300,2488 1288,2491 1281,2501 1271,2500 1261,2488 1255,2488 1251,2489 1246,2496 1236,2494 1230,2488"/>
          <TextEquiv>
            <Unicode>(ſeditioſus)</Unicode>
          </TextEquiv>
        </Word>
        <Word id="region0006_line0002_word0008" custom="readingOrder {index:8;} textStyle {offset:0; length:3;italic:true; fontSize:0.0; kerning:0;}">
          <Coords points="1364,2490 1364,2543 1425,2543 1425,2505 1405,2505 1404,2494 1400,2490"/>
          <TextEquiv conf="0.8477751">
            <Unicode>ſuo</Unicode>
          </TextEquiv>
        </Word>
        <Word id="region0006_line0002_word0009" custom="readingOrder {index:9;} textStyle {offset:0; length:5;italic:true; fontSize:0.0; kerning:0;}">
          <Coords points="1463,2492 1458,2496 1456,2506 1445,2505 1445,2540 1591,2541 1591,2506 1574,2508 1517,2507 1504,2504 1484,2507 1483,2498 1479,2493 1466,2492"/>
          <TextEquiv>
            <Unicode>demum</Unicode>
          </TextEquiv>
        </Word>
        <Word id="region0006_line0002_word0010" custom="readingOrder {index:10;} textStyle {offset:0; length:4;italic:true; fontSize:0.0; kerning:0;}">
          <Coords points="1608,2531 1696,2531 1696,2503 1629,2506 1614,2501 1609,2505 1608,2505"/>
          <TextEquiv conf="0.87483686">
            <Unicode>tem-</Unicode>
          </TextEquiv>
        </Word>
        <TextEquiv>
          <Unicode>id quod nunc cohibeat ita, vt ille (ſeditioſus) ſuo demum tem-</Unicode>
        </TextEquiv>
      </TextLine>
      <TextEquiv>
        <Unicode>Ceterum tempore eo, quo Paullus haec ſcelera praenun-&#13;
tiabat Theſſalonicenſibus Chriſtianis, nondum erant aſſecuta&#13;
maturitatem. Καϳ νυ̃ν τὸ ϰατέχον, inquit, οἰδατε, εἰς τὸ ἀπο.&#13;
ϰαλυφϑη̃ αϳ αύτὸν ἐν τω̃ ἑαυτȣ̃ ϰαιϱῷ, ϰ τ.λ. Tenetis quoque&#13;
id quod nunc cohibeat ita, vt ille (ſeditioſus) ſuo demum tem-</Unicode>
      </TextEquiv>
    </TextRegion>
    <GraphicRegion id="Graphic_1663917983688_1797" custom="readingOrder {index:4;}">
      <Coords points="820,539 1313,539 1313,633 820,633"/>
    </GraphicRegion>
    <TextRegion type="signature-mark" id="region_1683530004070_285" custom="readingOrder {index:5;} structure {type:signature-mark;}">
      <Coords points="1050,2566 1050,2605 1092,2605 1092,2566"/>
      <TextLine id="line_1683530004271_288" custom="readingOrder {index:0;}">
        <Coords points="1050,2566 1050,2605 1092,2605 1092,2566"/>
        <Word id="word_1683530004379_291" custom="readingOrder {index:0;}">
          <Coords points="1050,2605 1092,2605 1092,2566 1050,2566"/>
          <TextEquiv>
            <Unicode>D</Unicode>
          </TextEquiv>
        </Word>
        <TextEquiv>
          <Unicode>D</Unicode>
        </TextEquiv>
      </TextLine>
      <TextEquiv>
        <Unicode>D</Unicode>
      </TextEquiv>
    </TextRegion>
    <TextRegion type="catch-word" id="region_1683530007054_294" custom="readingOrder {index:6;} structure {type:catch-word;}">
      <Coords points="1601,2569 1601,2618 1698,2618 1698,2569"/>
      <TextLine id="line_1683530007245_297" custom="readingOrder {index:0;}">
        <Coords points="1601,2569 1601,2618 1698,2618 1698,2569"/>
        <Word id="word_1683530007354_300" custom="readingOrder {index:0;}">
          <Coords points="1601,2618 1698,2618 1698,2569 1601,2569"/>
          <TextEquiv>
            <Unicode>pore</Unicode>
          </TextEquiv>
        </Word>
        <TextEquiv>
          <Unicode>pore</Unicode>
        </TextEquiv>
      </TextLine>
      <TextEquiv>
        <Unicode>pore</Unicode>
      </TextEquiv>
    </TextRegion>
  </Page>
</PcGts>
