1448 2111
494 179 585 219 107.

86 235 281 275 tionibus,
308 240 386 280 qvæ
403 228 425 268 â
429 226 662 269 definitione
689 223 867 277 petendæ.
917 227 1008 263 For-

89 304 144 330 ma
160 297 194 329 &
210 288 333 333 cauſa,
360 286 554 327 vendicant
566 286 634 325 ſibi
649 286 773 324 Iocum
787 294 908 320 rerum
922 292 1009 329 præ-

90 352 141 373 ter
152 346 348 376 naturam,
381 335 540 381 ideoqve
571 329 626 368 ſui
667 326 888 366 ablationem
914 323 1011 363 indi-

92 398 179 425 cant.
206 388 412 433 Subjectum
439 387 594 431 occupat
609 381 733 417 locum
747 378 800 418 rei
811 374 1011 416 ſecundum

91 448 275 483 naturam,
301 443 337 477 &
349 438 405 476 ſui
417 433 731 475 conſervationem
748 431 911 471 denotat.

140 504 202 535 24.
256 494 449 538 Qvantum
466 486 512 525 ad
533 483 735 534 ſubjectum
763 481 1013 523 conſervans,

94 549 151 578 vel
160 548 375 576 alimentum
389 534 677 574 adminiſtratur,
690 533 749 570 vel
762 528 926 580 reſpectu
939 528 1014 565 vir-

96 599 180 629 tutis
193 596 341 629 totius,
366 595 479 635 prout
502 584 632 624 debilis
645 583 719 627 eſt,
745 584 806 622 vel
820 575 938 628 fortis:
956 575 1013 624 vel

97 648 202 693 partis
217 638 540 693 reſpectu|affectæ.
567 635 737 689 Specialis
751 642 872 673 autem
879 632 1015 672 conſti-

98 700 190 732 tutio
210 696 401 729 ſpecialem
417 688 673 726 tractationem
692 681 800 732 cupit.
832 681 934 721 Hinc
950 679 1015 717 ali-

99 754 149 784 ter
160 742 340 782 Haſiones
348 740 538 791 ſangvinei
552 748 662 788 qvam
675 734 847 775 cholerici
860 731 1016 772 tractan-

101 807 157 842 di,
182 804 238 831 &c.
300 798 450 840 Semper
475 796 599 826 autem
617 784 783 824 indicans
815 781 1017 835 prohiben-

82 845 198 897 tibus
215 845 311 878 cedit.
347 845 396 876 Et
407 839 616 876 notandum
626 839 849 883 præceptum
866 829 1027 880 Hippo-

103 899 225 934 cratis,
251 897 396 939 impura
410 898 587 936 corpora,
615 884 690 936 qvò
703 886 788 935 plus
801 881 956 927 nutries,
973 879 1020 920 eò

103 953 219 997 magis
237 950 357 986 lædes.
407 948 454 983 Et
466 945 541 983 hoc
550 941 635 983 eſſet
647 939 774 984 idem,
800 952 841 977 ac
862 940 891 978 ſi
907 938 1019 978 ſtulto

104 1008 272 1050 baculum
291 1004 507 1058 porrigeres.

152 1056 209 1089 25.
235 1055 367 1078 Forma
374 1048 522 1092 qvidem
533 1038 676 1076 ratione
681 1031 919 1074 vehementiæ
931 1042 1026 1068 ano-

107 1104 216 1148 dina,
226 1108 246 1143 &
265 1107 444 1133 narcotica
456 1096 604 1137 incidat,
623 1100 665 1130 ut
680 1091 720 1129 fit
732 1090 774 1128 in
792 1085 1023 1127 craſſioribus.

154 1158 215 1187 26.
242 1151 354 1186 Cauſa
366 1150 475 1185 etiam
487 1146 624 1182 indicat
640 1140 827 1182 contraria.
877 1141 1027 1179 Flatuo-

76 1202 143 1238 ſa
155 1204 320 1251 deſignat
338 1198 562 1236 diſcutientia
592 1192 791 1244 Objectum
809 1187 1027 1229 immateria-

110 1259 171 1290 le;
197 1256 350 1287 alterum
371 1246 585 1290 Materiale,
610 1244 801 1281 Evacuans
820 1245 855 1279 &
878 1237 1028 1289 penitus

110 1308 303 1342 eradicans.
354 1301 548 1352 Qvantitas
561 1298 719 1349 ejuſdem
737 1296 894 1349 poſtulat
912 1303 1029 1333 reme-

111 1358 213 1387 dium
225 1357 371 1396 majus,
397 1354 457 1383 vel
474 1350 609 1383 minus.
643 1345 776 1382 Motus
789 1342 875 1380 verò
893 1341 1029 1378 Revul-

110 1409 289 1445 ſionem,
314 1406 343 1436 ſi
363 1402 563 1437 vehemens
584 1399 656 1438 ſit,
683 1404 745 1432 aut
765 1389 1032 1431 derivationem

111 1461 141 1491 ſi
165 1459 271 1489 lenis.
303 1455 422 1486 Cauſæ
443 1458 566 1484 autem
585 1456 656 1482 nos
679 1453 809 1480 omnes
823 1448 977 1480 externæ
1003 1438 1029 1476 ſi

101 1520 227 1547 adhuc
240 1510 381 1553 adſint,
403 1511 587 1543 removeri
606 1510 810 1537 poſtulant.

261 1587 892 1641 PROGNOSTICA.

118 1657 225 1693 26.
281 1652 365 1690 Poſt
381 1652 447 1690 has
471 1646 744 1691 indicationes,
782 1640 1036 1693 colligendum

118 1721 165 1748 ex
208 1707 393 1748 Methodo
445 1702 755 1756 prognoſticandi.
808 1703 849 1737 In
903 1709 1036 1748 genere

116 1760 266 1805 qvidem
308 1754 580 1803 prognoſticare
627 1749 711 1789 licet
747 1747 920 1790 affectum
958 1757 1036 1782 non

117 1805 185 1847 eſſe
222 1803 512 1856 negligendum,
541 1799 625 1851 qvia
674 1798 798 1840 nobile
830 1794 1033 1838 membrum

935 1850 1040 1884 labo-
