1517 2290
943 263 1017 302 147

198 356 290 392 Loco
316 351 487 400 poſteriori
514 343 623 387 dicit:
640 343 947 395 „quemadmodum
971 356 1018 380 re-

149 404 311 456 „aliquiae
353 406 416 441 cibi
449 400 672 453 depellantur,
713 410 783 436 tum
818 396 1018 445 adſtringen-

151 460 258 502 „tibus
282 458 314 496 ſe
342 457 518 501 inteſtinis,
553 464 624 490 tum
654 449 889 495 relaxantibus,
927 447 1018 486 haud

151 509 251 554 „ſane
290 510 424 549 difficile
454 508 544 547 dictu
575 507 651 544 eſt.”
677 518 740 534 —

206 607 397 658 Auriculam
432 606 542 646 cordis
581 604 728 644 dextram
758 602 881 640 vltimo
917 603 1020 646 mori,

154 666 420 704 HALLERVS
444 655 528 708 ex
531 660 710 698 GALENI
758 653 882 692 admin.
930 662 1020 693 anat.

155 725 192 761 L.
211 724 280 757 VII.
304 721 385 768 Cap.
412 718 481 753 XII.
505 712 571 763 ipſe
595 712 708 750 docuit
732 713 768 748 in
793 710 949 756 experim.
978 709 1022 747 de

157 767 266 806 cordis
291 778 387 803 motu
410 778 427 800 a
456 763 591 806 ſtimulo
618 770 715 805 nato,
757 764 794 796 in
826 759 1021 797 Comment.

157 832 283 873 Goett.
297 821 346 866 T.
362 828 399 864 ll.
429 835 462 875 p.
486 822 561 866 263.

211 926 273 968 Sed
294 923 461 976 ſuperſunt
472 932 504 960 et
518 921 580 960 alia
596 921 669 959 loca
689 933 729 958 ex
744 919 930 956 GALENO
948 916 1028 954 alle-

160 978 288 1029 ganda,
331 976 414 1013 olim
447 988 473 1011 a
500 987 559 1011 me
572 972 712 1016 omiſſa,
748 973 814 1007 iam
839 981 918 1007 vero
942 967 1027 1006 indi-

162 1032 283 1073 canda,
313 1041 391 1065 cum
415 1026 535 1070 velim,
567 1035 601 1061 vt
618 1024 665 1060 nil
690 1021 868 1073 quidquam
888 1019 967 1057 deſit
988 1013 1028 1057 in

161 1085 295 1125 hiſtoria
322 1095 395 1117 mea
421 1077 660 1122 irritabilitatis,
710 1090 716 1112 e
744 1084 890 1111 veterum
912 1074 1030 1109 moni-

164 1137 283 1174 mentis
316 1133 462 1171 collecta.
520 1131 678 1176 Sanguis,
727 1138 945 1162 GALENVS
982 1127 1031 1162 ait

166 1191 203 1226 L.
224 1192 247 1224 I.
281 1186 321 1223 de
341 1174 502 1234 Temper.
535 1180 615 1227 Cap.
646 1187 678 1221 9.
710 1187 741 1223 p.
761 1182 828 1219 29.
828 1182 901 1218 „a
928 1173 1031 1212 corde

168 1244 285 1284 „ſuum
310 1236 425 1286 accipit
446 1232 608 1275 calorem,
648 1232 768 1279 quippe
794 1227 828 1266 id
854 1225 954 1266 viſcus
976 1239 1034 1264 na-

172 1303 265 1335 „tura
290 1290 344 1324 ſua
378 1292 450 1325 —
450 1283 696 1323 calidiſſimum
731 1282 778 1319 eſt
808 1296 870 1315 —
909 1281 1033 1329 Typo-

172 1346 287 1392 graphi
304 1339 399 1389 culpa
416 1342 508 1375 error
525 1329 650 1391 irrepſit
669 1334 743 1373 olim
762 1337 798 1371 in
815 1331 895 1371 theſi
915 1322 989 1370 mea
1007 1334 1036 1375 I,

174 1405 229 1440 hic
251 1392 471 1448 corrigendus.
520 1395 630 1434 Exſtat
650 1392 715 1432 ſcil.
743 1394 778 1430 L.
798 1393 835 1428 ll.
857 1392 948 1438 (non
968 1388 1039 1437 IlI.)

176 1457 373 1497 GALENI,
405 1452 486 1500 Cap.
506 1453 590 1488 VIII.
621 1460 652 1497 p.
671 1453 739 1490 481.
762 1443 868 1482 locus
880 1444 950 1489 ille,
981 1445 1039 1482 vbi

177 1508 239 1540 ait:
275 1503 369 1542 „Cor
394 1501 540 1546 primum
561 1507 636 1533 ante
658 1493 720 1532 alia
742 1494 860 1531 omnia
886 1491 1040 1530 animalis

178 1556 352 1599 „membra
385 1549 524 1590 formari
568 1550 690 1587 dicunt.
728 1564 784 1582 —
848 1548 922 1584 Cor
957 1542 1043 1582 ſicut

178 1606 357 1652 „omnium
390 1602 532 1641 aliorum
564 1599 795 1639 membrorum
822 1597 951 1633 moueri
978 1596 1046 1644 pri-

182 1667 303 1702 „mum
340 1652 472 1702 incipit,
520 1654 563 1689 ita
587 1644 748 1688 vltimum
782 1646 957 1686 deſinere”
989 1666 1047 1684 —

183 1716 313 1756 Prolixe
353 1713 397 1749 ibi
427 1706 587 1759 diſputat,
623 1714 731 1743 vtrum
758 1703 864 1742 cordis
890 1712 999 1739 motus
1026 1714 1046 1736 æ

185 1767 309 1819 ſeipſo,
346 1776 389 1800 an
414 1773 494 1798 vero
518 1769 536 1797 a
561 1759 715 1803 cerebro,
744 1768 776 1795 et
799 1770 881 1797 num
895 1757 930 1791 in
945 1752 1047 1793 corde

186 1822 335 1862 alimenti
359 1817 560 1870 principium
585 1814 633 1855 ſit.

648 1929 678 1960 K
703 1940 721 1960 2

986 1922 1056 1960 Cor
