2495 2767
776 504 943 540 doƈtores
964 513 989 540 a
1018 504 1127 543 Petro
1150 504 1190 543 &
1214 504 1349 557 Jacobo
1378 507 1486 558 longe
1517 510 1676 552 diverſos
1697 512 1834 561 fuiſſe;
1867 514 1971 556 haud
1995 517 2155 568 profecto

775 557 972 606 apoſtolos,
999 558 1058 598 ſed
1067 557 1215 608 fallaces
1230 560 1396 601 doctores
1408 562 1463 609 (v.
1484 573 1540 610 13.
1561 560 1646 611 15),
1668 565 1734 613 qui
1750 567 1987 610 chriſtianam
1999 570 2153 619 quidem

771 609 976 658 doƈtrinam
992 610 1050 653 (v.
1070 618 1128 653 15.
1146 617 1206 654 23.
1236 622 1251 646 1
1270 622 1328 661 ep.
1344 611 1408 652 IV.
1428 613 1513 661 15),
1539 625 1588 652 ex
1601 615 1738 665 Jacobo
1754 620 1813 659 vel
1835 621 1948 660 Petro
1964 621 2154 669 auditam,

771 660 1062 708 profiterentur,
1093 661 1152 700 ſed
1176 660 1407 702 adulteratam
1429 667 1473 712 (2
1488 668 1545 715 ep.
1561 666 1606 707 II.
1627 681 1670 716 17
1698 670 1751 714 ⁴²)
1777 674 2039 721 proponerent,
2065 670 2153 722 qui,

770 716 905 742 præter
920 715 1064 733 externa
1079 712 1301 739 ornamenta
1316 709 1400 747 (XI.
1420 715 1478 745 18.
1504 711 1550 744 X.
1567 715 1603 752 7.
1625 705 1675 761 V.
1695 714 1781 756 12),
1811 718 1856 744 ut
1874 712 2062 759 judaicam
2077 717 2153 748 ori-

768 764 896 805 ginem
911 760 999 806 (XI.
1016 759 1087 808 22)
1102 759 1143 797 &
1157 761 1345 812 priſtinam
1359 761 1468 802 illam
1477 763 1581 804 ſuam
1603 776 1689 805 cum
1713 769 1882 817 apoſtolis
1906 771 1989 818 (XI.
2008 783 2041 821 5.
2068 772 2151 822 XII.

772 813 851 861 11)
851 813 991 864 Chriſto
1007 813 1255 858 familiaribus
1270 818 1339 868 (V.
1350 821 1417 869 16)
1434 819 1745 872 conjunctionem,
1762 825 1854 869 nihil
1868 826 2058 875 haberent,
2073 838 2153 876 quo

767 869 993 904 magnopere
1016 861 1165 907 gloriari
1189 860 1354 912 poſſent,
1397 862 1515 902 animo
1538 869 1639 905 certe
1662 864 1728 913 (v.
1748 864 1849 915 12),
1875 870 1940 919 qui
1962 870 2000 908 in
2025 863 2148 922 prima

764 914 1088 954 commendatione
1103 915 1253 966 ponitur
1269 916 1323 964 (v.
1340 917 1423 971 17),
1451 920 1584 963 Chriſti
1599 924 1652 964 ita
1669 922 1850 967 diſſimiles
1872 927 1984 967 eſſent
2007 928 2083 974 (XI.
2098 943 2148 969 20.

766 961 848 1000 coll.
863 961 908 1000 X.
932 971 965 1001 1.
977 967 1044 1007 ⁴³),
1076 968 1120 1000 ut
1144 972 1220 1002 non
1243 963 1305 1014 ipſi
1320 966 1452 1013 modo,
1476 964 1543 1018 qui
1565 973 1717 1010 tantum
1740 968 1802 1012 ſibi
1825 971 1988 1019 pretium
2010 968 2148 1017 ſtatue-

2055 1028 2148 1070 bant

804 1068 865 1109 42)
888 1070 930 1104 cf.
952 1071 1012 1108 IV.
1028 1082 1059 1106 2.
1081 1073 1116 1108 &
1134 1074 1164 1107 b.
1186 1072 1308 1115 KYPKE
1328 1084 1360 1116 p.
1380 1083 1454 1118 245.
1482 1077 1577 1113 Adde
1599 1079 1641 1124 §.
1655 1080 1700 1116 X.

803 1129 862 1167 43)
884 1129 1151 1161 Criminationem
1176 1131 1443 1169 adverſariorum,
1470 1133 1541 1174 qui,
1568 1133 1719 1177 epiſtolas
1743 1135 1874 1180 quidem
1896 1138 2000 1176 Paulli
2020 1142 2146 1176 ſeveras

843 1177 980 1206 (βαϱειυς
1000 1180 1030 1198 V.
1047 1180 1097 1200 10.
1114 1178 1270 1211 εϰφοβϰοσας
1287 1182 1317 1202 v.
1332 1177 1372 1216 9)
1393 1176 1454 1207 elle
1472 1179 1522 1214 &,
1538 1176 1586 1208 rei
1603 1178 1748 1211 univerſe
1768 1180 1832 1212 ſive
1842 1181 2029 1220 argumenti
2041 1182 2144 1217 ratio-

844 1222 887 1239 ne
902 1216 1025 1248 habita,
1046 1217 1166 1244 virtute
1181 1218 1251 1249 ſua,
1273 1219 1366 1254 cujus
1388 1221 1552 1248 recentem
1566 1218 1719 1253 effectum
1741 1221 1808 1260 (II.
1825 1222 1856 1253 6.
1876 1229 1947 1255 not.
1964 1223 2002 1263 2)
2025 1225 2196 1265 nuper-

839 1257 922 1280 rime
938 1257 1098 1285 viderant,
1118 1258 1363 1294 haudquaquarn
1383 1255 1514 1294 deſtitui
1534 1255 1736 1298 (εχυϱας)ειναϳ
1762 1258 1800 1291 X.
1812 1262 1885 1299 10),
1907 1261 2141 1305 concedebant,

842 1297 923 1334 ſed,
938 1298 1128 1333 præſentem
1142 1297 1289 1327 Paullum
1303 1296 1385 1328 nihit
1398 1296 1571 1332 valiturum
1588 1300 1696 1339 (αϑενη
1720 1309 1750 1331 v.
1775 1300 1849 1340 10),
1877 1306 1972 1345 atque
1995 1311 2058 1337 nec
2080 1306 2139 1339 mi

789 1338 894 1363 nis
916 1338 981 1362 ſuis
996 1342 1030 1362 re
1045 1337 1110 1373 ipſa
1127 1338 1219 1373 (εϱγω
1230 1342 1263 1364 v.
1279 1344 1328 1366 II.
1349 1345 1428 1379 1ep.
1444 1337 1504 1373 IV.
1516 1341 1576 1375 21)
1604 1338 1856 1381 ſatisfaƈturum,
1883 1353 1944 1377 nec
1967 1344 2058 1379 tenui
2084 1347 2141 1381 ſua

838 1377 1110 1421 pronuntiatione
1129 1377 1183 1410 ſeu
1198 1376 1327 1412 actione
1347 1380 1437 1417 (λογω
1458 1381 1641 1421 εξȣϑενημενω
1661 1392 1681 1417 2
1697 1392 1752 1417 ep.
1765 1382 1808 1418 X.
1822 1384 1895 1426 10),
1921 1386 2037 1429 quippe
2063 1397 2142 1428 quæ

840 1422 879 1452 in
897 1423 1024 1454 idiota,
1053 1421 1136 1433 voce
1166 1418 1263 1436 etiam
1291 1416 1325 1439 &
1348 1417 1499 1453 lateribus
1523 1420 1677 1444 deſtituto
1699 1417 1871 1454 (haƈtenus
1892 1427 2022 1456 quoque
2045 1424 2141 1465 αϑενεο

786 1458 872 1489 v.
888 1464 937 1490 10.
961 1458 1002 1490 cf.
1017 1467 1095 1502 1ep.
1112 1457 1153 1493 II.
1168 1467 1200 1503 3.
1232 1464 1309 1492 not.
1325 1484 1400 1501 45),
1419 1471 1532 1513 neque
1544 1471 1657 1500 natura
1675 1476 1781 1509 neque
1801 1472 1871 1502 arte
1884 1473 1931 1511 (2
1945 1481 1996 1511 ep.
2011 1473 2070 1508 XI.
2085 1476 2137 1514 6)

773 1500 1024 1540 adjuvetur,
1054 1502 1137 1540 apud
1160 1501 1328 1535 auditores
1347 1506 1423 1536 ſuos
1447 1504 1567 1550 aliquid
1589 1507 1779 1542 effecturum
1797 1509 1882 1547 eſſe,
1906 1510 2048 1551 ideoque
2072 1522 2137 1544 nec

837 1547 952 1569 coram
964 1547 1039 1568 cum
1053 1541 1127 1581 ipſis
1147 1543 1304 1583 congredi
1319 1545 1438 1576 audere
1458 1546 1493 1584 (1
1507 1554 1560 1587 ep.
1573 1541 1633 1580 IV.
1645 1547 1725 1587 18),
1744 1546 1940 1589 clamabant,
1970 1549 2055 1585 hanc
2072 1551 2138 1594 igi-

833 1586 889 1608 tur
903 1584 1164 1614 criminationem
1177 1585 1305 1614 repellit
1319 1586 1484 1626 apoſtolus
1501 1584 1639 1619 dicendo
1660 1590 1697 1628 (2
1710 1587 1762 1628 ep.
1781 1588 1824 1621 X.
1836 1598 1864 1621 1.
1874 1588 1939 1631 ſ.),
1966 1587 2014 1629 ſe,
2045 1601 2136 1625 eum-

835 1625 912 1653 dem
926 1625 1089 1659 Paullum,
1114 1627 1190 1671 qui,
1211 1621 1237 1658 ſi
1250 1625 1331 1660 fides
1347 1627 1531 1663 adverſariis
1547 1629 1730 1666 habeatur,
1755 1631 1894 1674 præſens
1914 1633 2045 1677 quidem
2065 1641 2137 1672 tam

833 1665 952 1697 leniter
973 1669 1007 1697 &
1020 1670 1167 1699 modeſte
1187 1669 1218 1699 ſe
1236 1666 1365 1712 geſſerit
1384 1664 1552 1710 Corinthi,
1580 1670 1688 1707 abſens
1714 1681 1795 1706 vero
1815 1678 1904 1708 tanta
1924 1676 2072 1712 libertate
2097 1678 2138 1716 &

835 1709 967 1738 audacia
986 1713 1101 1740 contra
1120 1711 1173 1748 (εις
1190 1719 1230 1740 v.
1230 1719 1271 1741 1.
1292 1710 1350 1746 cf
1350 1710 1435 1748 Luc.
1448 1712 1558 1749 XVII.
1576 1713 1635 1755 3.
1627 1710 1660 1755 ſ.
1664 1716 1698 1753 &
1717 1728 1759 1748 επι
1780 1726 1800 1751 2
1810 1717 1887 1752 Cor.
1901 1720 1941 1754 X.
1957 1719 2004 1762 2)
2025 1720 2136 1755 obtre-

821 1744 978 1780 ƈtatores
995 1748 1068 1792 ſuos
1086 1750 1137 1788 (v.
1148 1750 1190 1790 2)
1207 1748 1400 1786 Corinthios
1412 1756 1539 1792 utatur,
1559 1754 1593 1786 ſe
1608 1756 1759 1790 eumdem
1780 1764 1867 1789 nunc
1880 1766 1936 1797 ea,
1956 1769 2019 1800 qua
2039 1761 2136 1796 Chri-

828 1789 898 1831 ſtus
911 1786 965 1827 eſſe
983 1789 1195 1833 conſueverit,
1211 1792 1335 1824 lenitate
1353 1794 1499 1835 precari,
1522 1795 1558 1826 ut
1570 1793 1718 1837 præſenti
1731 1798 1828 1831 liceat
1850 1794 2036 1842 ſuperſedere
2054 1797 2131 1843 iſta,

833 1835 931 1868 quam
952 1827 1060 1860 abſens
1081 1827 1137 1862 ſibi
1160 1830 1283 1863 ſumere
1304 1833 1457 1874 putetur,
1487 1831 1630 1868 audacia.
1685 1836 1829 1872 Primum
1851 1837 1954 1881 igitur
1978 1839 2141 1882 abſentem

829 1878 946 1905 quoque
968 1871 1099 1902 eadem,
1121 1875 1184 1910 qua
1199 1870 1337 1911 præſens
1354 1871 1427 1905 uſus
1442 1873 1556 1912 fuerit,
1570 1874 1707 1910 lenitate
1732 1876 1763 1907 ſe
1782 1885 1880 1918 agere
1900 1874 2010 1911 docet.
2044 1878 2133 1918 Hoc

830 1916 921 1934 enim
934 1915 1036 1950 ipſum
1051 1914 1195 1940 lenitatis
1214 1910 1276 1941 eſſe
1295 1910 1404 1950 (XIII.
1416 1920 1464 1944 10.
1489 1916 1515 1946 1.
1528 1917 1604 1952 23),
1625 1918 1715 1953 quod
1732 1924 1802 1948 non
1822 1915 1984 1949 continuo
2001 1920 2131 1956 venerit

831 1959 928 1994 atque
944 1962 975 1979 in
998 1957 1234 1986 obtrectatores
1250 1954 1326 1986 ſuos
1344 1953 1405 1996 (X.
1421 1959 1457 1995 2)
1480 1959 1627 1998 aliosque
1642 1969 1719 1994 reos
1741 1960 1838 2001 (XI.
1850 1968 1902 1992 20.
1915 1970 1968 1994 21.
1990 1963 2070 2000 XIII.
2073 1969 2129 2008 2)

830 1998 1113 2028 animadverterit,
1135 1998 1187 2023 ſed
1201 2000 1257 2034 per
1273 1996 1382 2025 literas
1396 1999 1487 2036 prius
1504 2000 1644 2031 minetur
1664 1998 1832 2040 (X.9-11.
1855 2000 1944 2036 XIII.
1956 2002 2020 2044 2),
2051 2004 2128 2037 imo

830 2039 929 2057 etiam
941 2039 1085 2060 modeſte
1104 2042 1178 2061 oret
1197 2039 1257 2073 (X.
1271 2041 1301 2062 1.
1314 2039 1372 2066 2),
1402 2042 1462 2071 ut,
1490 2039 1616 2068 tametſi
1632 2038 1721 2071 forte
1741 2034 1934 2075 ψευδαποϛολοι
1952 2048 2025 2073 eum
2047 2049 2128 2083 pau-

829 2078 877 2098 cis
888 2078 1064 2110 reſipiſcere
1078 2082 1187 2104 nolint
1200 2084 1294 2114 atque
1313 2080 1350 2105 in
1360 2084 1420 2107 eos
1436 2081 1567 2110 tandem
1581 2080 1748 2114 ſeveritate
1759 2079 1914 2114 utendum
1933 2082 1972 2116 ſit
1987 2085 2031 2124 (v.
2044 2106 2127 2124 4-6),

827 2117 972 2146 plerique
986 2121 1073 2140 certe
1091 2119 1352 2152 Corinthiorum,
1370 2122 1429 2154 qui
1439 2122 1588 2149 nondum
1599 2118 1709 2155 ſapere
1722 2115 1893 2154 didicerint
1910 2121 1998 2164 (XII.
2015 2124 2125 2163 20.ſ.),
