2730 3060
205 655 295 690 rem
314 640 578 704 ſingularem,
592 642 668 686 niſi
687 640 799 683 forte
808 643 1084 680 conventioni
1101 643 1331 697 executivæ
1343 649 1472 692 anne-

204 709 258 743 xa
275 697 397 746 fuerit
413 702 490 744 alia
509 705 683 742 clauſula
724 704 770 756 de
787 717 868 747 non
885 701 1089 749 alienando
1115 702 1257 754 medio
1276 709 1473 736 tempore

205 752 478 817 hypothecas;
510 764 623 813 quod
642 765 671 796 ſi
687 762 847 807 faƈtum
865 760 1004 817 fuerit,
1023 764 1178 812 poterit
1194 762 1328 809 ſtatim
1347 759 1476 812 credi-

207 831 272 869 tor
284 821 395 871 reƈta
411 825 477 867 via
494 834 642 866 contra
658 826 831 861 tertium
851 821 1117 873 poſſeſſorem
1136 822 1357 851 executive
1376 828 1476 858 pro-

207 880 365 929 cedere.
424 881 799 939 Quemadmodum
818 886 957 929 itaque
976 881 1028 912 de
1046 881 1128 911 hoc
1147 882 1298 929 ultimo
1309 880 1406 934 caſu
1406 889 1479 931 res

207 945 397 1007 expedita
415 944 486 1000 eſt,
502 944 617 1004 quod
633 944 689 989 ob
707 942 947 993 hujusmodi
967 941 1134 979 paƈtum
1162 939 1371 988 adjeƈtum
1389 937 1482 983 poſ-

209 999 256 1046 ſit
270 1003 461 1048 executio
470 1013 618 1043 contra
636 1006 810 1040 tertium
829 995 1094 1050 poſſeſſorem
1114 1002 1333 1057 intentari,
1353 1002 1410 1043 ita
1425 999 1480 1047 de

210 1065 336 1123 priori
353 1063 463 1112 faƈto
482 1067 705 1108 executivo
720 1064 907 1103 breviter
921 1063 1178 1123 videndum,
1205 1074 1258 1089 an
1272 1071 1362 1089 non
1383 1057 1482 1087 illud

212 1135 287 1184 per
304 1127 342 1172 ſe
360 1125 486 1187 posſit
501 1127 667 1183 operari
682 1126 980 1165 executionem
998 1134 1144 1156 contra
1165 1123 1349 1153 tertium.
1373 1121 1482 1173 Sane

213 1197 303 1233 non
321 1184 505 1242 defuere,
514 1188 587 1243 qui
617 1186 685 1226 hoc
706 1186 823 1244 ipſum
853 1184 1112 1223 aſſeruerint,
1139 1194 1269 1228 quem
1288 1184 1333 1211 in
1349 1179 1486 1210 finem

215 1238 366 1291 laudati
384 1243 477 1291 ſunt
493 1246 692 1286 Menoch.
702 1245 853 1295 adipiſc.
863 1246 1006 1292 remed.
1012 1254 1057 1304 5.
1072 1254 1180 1295 num.
1196 1255 1269 1275 143.
1282 1241 1368 1279 ſqq.
1398 1241 1489 1263 Ne-

217 1303 371 1360 guſant.
383 1304 430 1347 de
440 1305 592 1362 pignor.
613 1308 655 1362 P.
665 1313 705 1348 4.
726 1305 781 1356 pr.
785 1307 898 1338 num.
913 1313 972 1336 20.
999 1301 1170 1336 Mevius
1186 1309 1271 1336 P.7.
1287 1299 1401 1342 deciſ.
1411 1299 1489 1333 124.

219 1366 289 1417 qui
303 1361 382 1409 hac
399 1365 634 1421 prægnanti
656 1360 851 1420 ducuntur
873 1379 1063 1405 ratione,
1079 1361 1196 1406 quod
1210 1354 1314 1389 ſicut
1328 1367 1492 1400 pignus

219 1419 288 1462 vel
301 1419 534 1480 hypotheca
550 1426 613 1463 rei
630 1423 826 1463 cohæret,
836 1425 878 1456 &
888 1424 943 1465 ſic
953 1432 1053 1475 cum
1063 1432 1111 1472 re
1126 1422 1274 1470 tranſit
1278 1421 1333 1465 ad
1341 1426 1492 1457 quem-

221 1473 287 1520 vis
302 1479 581 1535 poſſeſſorem,
598 1485 655 1516 ita
674 1485 848 1528 quoque
871 1481 1110 1525 hypotheca
1134 1480 1311 1505 tranſire
1342 1478 1495 1500 debeat

225 1547 325 1587 cum
342 1554 380 1589 ea
396 1543 610 1607 qualitate,
630 1545 781 1603 quacum
817 1542 885 1582 illa
902 1541 1128 1583 conſtituta
1146 1540 1221 1573 eſt,
1238 1537 1411 1583 quando
1421 1536 1496 1578 jus

221 1591 267 1637 in
282 1607 378 1644 rem
386 1603 448 1643 in
454 1603 638 1650 eandem
644 1602 704 1655 eſt
734 1597 1005 1644 conſtitutum.
1060 1602 1219 1642 Neque
1233 1599 1315 1623 tale
1324 1596 1500 1636 paƈtum

223 1652 304 1700 dici
317 1652 452 1714 poteſt
463 1664 583 1701 mere
591 1657 829 1712 perſonale,
846 1671 946 1690 cum
964 1663 1009 1686 in
1026 1665 1121 1686 rem
1131 1660 1258 1698 ipſam
1277 1658 1501 1681 conſtitua-

226 1728 309 1774 tur,
340 1724 359 1768 &
375 1723 431 1770 ſic
440 1721 554 1772 bona
568 1721 656 1779 ipſa
669 1720 833 1763 afficiat.
894 1722 993 1776 Dari
1013 1728 1128 1754 autem
1165 1719 1261 1748 talia
1278 1716 1394 1761 paƈta
1403 1723 1499 1746 rem

227 1772 355 1831 ipſam
369 1779 603 1830 afficientia,
617 1791 731 1829 patet
746 1791 802 1813 ex
816 1781 843 1812 l.
852 1789 908 1825 17.
908 1779 1097 1823 §.5.ff.de
1104 1777 1210 1821 paƈt.
1219 1779 1246 1824 l.
1260 1784 1359 1817 7.pr.
1374 1775 1420 1796 de
1426 1789 1503 1809 ju-

231 1854 271 1883 re
279 1851 432 1902 patron.
487 1844 587 1897 Quo
603 1843 732 1884 etiam
748 1845 935 1899 pertinet
950 1838 1125 1878 clauſula
1148 1838 1215 1873 illa
1237 1835 1393 1871 famoſa
1410 1851 1500 1883 con-

213 1890 352 1949 ſtituti
357 1891 572 1959 poſſeſſorii,
586 1903 682 1954 quæ
693 1903 754 1936 ita
765 1904 868 1938 rem
885 1901 1027 1940 afficit,
1037 1901 1084 1928 ut
1097 1898 1183 1943 ipſe
1197 1899 1377 1948 Colerus
1393 1898 1455 1942 cit.
1472 1895 1502 1945 l.

232 1978 337 2011 num.
365 1971 451 2021 454.
468 1956 715 2014 concedat,
734 1969 782 2019 ex
810 1964 887 2017 hac
907 1961 1081 2004 clauſula
1099 1963 1227 1997 etiam
1248 1959 1337 1994 dari
1355 1967 1505 1991 execu-

233 2017 394 2068 tionem
417 2031 563 2065 contra
578 2023 852 2061 ſucceſſorem
876 2022 1154 2067 ſingularem,
1172 2021 1257 2045 vid.
1273 2016 1506 2057 Tiraquell.

236 2076 283 2119 de
289 2080 384 2133 jure
408 2081 550 2132 conſtit.
555 2081 760 2134 poſſeſſorii
786 2086 901 2115 Part.
915 2096 946 2109 1.
967 2094 1078 2128 num.
1094 2086 1154 2136 43.
1180 2080 1358 2128 Facilius
1372 2085 1507 2113 porro

236 2155 383 2194 contra
392 2146 575 2193 tertium
592 2139 863 2201 poſſeſſorem
880 2139 1053 2195 paƈtum
1072 2139 1344 2176 executivum
1359 2143 1510 2181 opera-

236 2187 348 2255 bitur
372 2200 670 2259 executionem,
689 2201 720 2257 ſi
737 2203 942 2246 præterea
954 2198 1131 2229 clauſula
1148 2193 1319 2237 adjeƈta,
1336 2193 1454 2234 quod
1464 2188 1529 2215 in

241 2258 333 2305 caſu
358 2263 436 2304 non
454 2258 638 2316 impletæ
654 2261 946 2312 promisſionis
969 2258 1211 2291 contraƈtus
1234 2256 1321 2298 ipſo
1330 2254 1429 2293 jure
1447 2250 1512 2279 re-

239 2313 344 2363 ſolvi
359 2315 507 2362 debeat
524 2311 666 2360 Coler.
682 2320 744 2367 cit.
761 2320 789 2370 l.
803 2327 938 2376 n.420.
965 2322 1063 2360 quia
1088 2318 1192 2366 huic
1206 2315 1390 2364 clauſulæ
1407 2312 1517 2365 ineſt

242 2374 478 2421 virtualiter
493 2377 721 2432 prohibitio
737 2376 792 2411 de
811 2388 902 2410 non
925 2378 1167 2429 alienando,
1185 2385 1282 2411 quæ
1298 2385 1517 2410 operatur,

246 2445 297 2481 ut
314 2433 537 2484 efficaciter
544 2436 621 2481 res
636 2439 683 2478 in
683 2437 879 2477 alterum
894 2436 1113 2473 transferri
1123 2436 1228 2477 non
1244 2437 1433 2474 potuerit
1446 2435 1472 2456 l.
1474 2434 1528 2472 ſi

246 2496 407 2542 creditor
424 2492 589 2552 7.§.f.ff.
604 2497 653 2539 de
668 2497 838 2548 diſtraƈt.
845 2500 997 2548 pignor.

307 2560 483 2607 Contin.
506 2560 579 2609 IV.
