1602 2296
470 309 513 335 29
688 306 906 336 CICERO
937 308 1162 337 ATTICO
1188 308 1236 337 S.

473 355 519 439 S

519 355 617 407 ilius,
636 366 673 392 ut
688 362 815 402 ſcribis,
829 361 936 395 hodie.
961 373 1027 394 cras
1042 361 1159 407 igitur,
1175 366 1230 396 vel
1245 362 1353 405 potius
1369 374 1449 398 cum

519 402 685 444 poteris,
708 404 843 444 ſcribes,
866 397 894 441 ſi
905 405 983 441 quid
996 404 1077 441 erit,
1101 415 1173 437 cum
1194 406 1326 439 videris.
1366 408 1454 441 Nec

468 452 536 486 ego
557 443 697 477 Brutum
716 445 813 486 vito,
844 451 909 476 nec
926 451 1037 477 tamen
1056 446 1098 480 ab
1113 456 1154 477 eo
1174 447 1376 484 levationem
1396 449 1452 479 ul-

468 489 534 520 Iam
551 488 714 528 exſpecto:
737 490 789 522 ſed
807 489 899 522 erant
917 490 1034 530 cauſæ,
1058 499 1113 521 cur
1129 490 1195 523 hoc
1209 496 1359 532 tempore
1373 492 1444 524 iſtic

469 528 535 562 eſſe
548 532 690 562 nollem:
715 539 783 570 quæ
799 530 823 562 ſi
839 531 1035 568 manebunt,
1060 532 1226 571 quærenda
1244 533 1306 565 erit
1317 532 1445 565 excuſa-

465 574 519 605 tio
534 575 566 606 &
581 572 737 609 Brutum;
769 574 818 612 &,
850 577 886 602 ut
904 583 990 605 nunc
1013 572 1078 614 eſt,
1102 573 1253 607 manſuræ
1275 576 1443 609 videntur.

466 617 523 650 De
545 616 668 654 hortis,
692 617 795 655 quæſo
813 614 947 657 explica.
971 626 1065 658 caput
1082 616 1161 650 illud
1179 617 1246 658 eſt,
1266 620 1354 659 quod
1369 619 1443 650 ſcis.

465 656 634 697 ſequitur,
662 663 700 690 ut
720 659 818 692 etiam
838 659 921 694 mihi
943 659 1005 703 ipſi
1023 660 1174 701 quiddam
1193 671 1279 702 opus
1299 661 1349 694 ſit.
1379 670 1458 695 nec

467 702 558 732 enim
576 699 638 733 eſſe
658 700 693 733 in
716 703 807 733 turba
829 698 975 743 poſſum,
998 711 1059 734 nec
1075 711 1091 733 a
1112 697 1210 736 vobis
1231 702 1346 737 abeſſe.
1369 704 1457 737 huic

466 751 545 773 meo
563 741 700 776 conſilio
721 744 802 776 nihil
819 743 952 784 reperio
963 743 1026 779 iſto
1038 747 1118 776 Ioco
1133 744 1256 786 aptius:
1280 747 1314 779 &
1328 747 1367 778 de
1383 747 1443 778 hac

464 796 501 818 re
517 787 573 827 qui
593 786 645 818 tui
660 787 785 822 conſilii
804 787 862 827 ſit,
886 787 969 821 mihi
983 790 1168 831 perſuaſum
1178 788 1242 831 eſt,
1265 790 1298 823 &
1317 795 1356 823 eo
1382 800 1454 822 ma-

463 825 533 867 gis,
563 826 651 867 quod
669 827 755 861 idem
773 825 920 867 intellexi
936 829 998 862 tibi
1022 829 1156 872 videri,
1173 841 1243 863 me
1263 832 1302 863 ab
1324 831 1441 873 Oppio

463 875 499 907 &
518 873 628 907 Balbo
644 872 739 906 valde
760 870 868 919 diligi.
894 882 971 905 cum
985 872 1026 905 iis
1042 873 1287 912 communices,
1318 879 1456 915 quanto

463 922 584 954 opere,
607 914 642 946 &
659 923 756 955 quare
772 918 875 949 velim
890 915 1029 954 hortos;
1045 912 1094 954 ſed
1109 912 1140 956 id
1156 913 1203 956 ita
1212 917 1324 961 poſſe,
1347 917 1371 951 ſi
1386 930 1456 952 ex-

462 950 617 1001 pediatur
630 957 711 991 illud
721 957 959 992 Faberianum:
978 955 1087 991 ſintne
1105 956 1204 1001 igitur
1224 961 1368 993 auctores
1388 960 1441 994 fu-

462 999 547 1036 turi,
571 997 596 1030 ſi
610 1007 671 1039 qua
688 998 789 1030 etiam
802 999 918 1036 jactura
937 999 1020 1033 ſit
991 995 1021 1041 in
1034 1000 1312 1041 repræſentando,
1333 1002 1454 1042 quoad

461 1040 596 1082 poffunt
610 1041 747 1077 adduci:
775 1048 884 1076 totum
901 1042 992 1076 enim
1007 1042 1088 1076 illud
1103 1044 1323 1085 deſperatum:
1350 1046 1456 1078 deni-

461 1093 528 1124 que
536 1081 725 1127 intelliges,
749 1085 864 1125 ecquid
883 1084 1046 1119 inclinent
1067 1087 1106 1120 ad
1132 1086 1185 1125 hoc
1206 1096 1319 1120 meum
1338 1086 1454 1121 conſi-

459 1123 545 1157 lium
559 1115 787 1162 adjuvandum.
808 1123 834 1157 ſi
847 1123 926 1165 quid
937 1124 1016 1165 erit,
1038 1132 1198 1169 magnum
1212 1125 1261 1158 eſt
1273 1123 1451 1163 adjumen-

461 1161 567 1198 tum:
583 1166 629 1199 ſin
650 1166 785 1206 minus,
813 1163 1017 1208 quacumque
1039 1167 1166 1204 ratione
1190 1164 1454 1202 contendamus.

461 1218 559 1244 vetus
577 1211 657 1244 illud
675 1212 850 1251 ʹεγγηϱαμα,
881 1213 1158 1252 quemadmodum
1168 1213 1366 1256 ſcripſiſti,
1382 1216 1452 1249 vel

441 1250 590 1290 ʹενταϕιον
610 1256 735 1291 putato.
787 1254 841 1285 De
862 1253 923 1286 illo
945 1253 1091 1288 Oſtienſi
1109 1254 1191 1288 nihil
1217 1254 1267 1287 eſt
1293 1252 1439 1296 cogitan-

461 1294 551 1326 dum.
564 1293 589 1325 ſi
602 1293 665 1324 hoc
679 1304 747 1326 non
763 1293 970 1336 aſſequimur:
989 1304 1005 1326 a
1019 1293 1138 1329 Lamia
1152 1304 1222 1327 non
1235 1301 1314 1337 puto
1329 1294 1449 1338 poſſe:

459 1337 652 1380 Damaſippi
667 1339 899 1380 experiendum
916 1339 974 1374 eſt.

459 1436 504 1468 30
674 1434 903 1463 CICERO
933 1436 1159 1464 ATTICO
1185 1436 1222 1464 S.

459 1479 541 1546 Q

541 1491 650 1523 uæro,
682 1483 761 1524 quid
775 1486 813 1517 ad
824 1492 866 1517 te
884 1485 1038 1519 ſcribam:
1068 1487 1120 1519 ſed
1137 1488 1217 1522 nihil
1233 1486 1289 1521 eſt.
1320 1487 1436 1522 eadem

568 1525 727 1566 quotidie.
774 1524 878 1563 Quod
890 1523 1073 1559 Lentulum
1095 1524 1228 1565 inviſis,
1250 1525 1346 1559 valde
1359 1528 1453 1569 gra-

445 1576 541 1602 tum.
563 1575 683 1613 pueros
699 1571 839 1604 attribue
851 1570 906 1612 ei,
926 1578 1011 1612 quot
1022 1574 1056 1605 &
1070 1580 1153 1613 quos
1166 1570 1342 1608 videbitur.
1377 1575 1454 1621 De

457 1615 534 1649 Silii
553 1617 723 1647 voluntate
744 1607 928 1656 vendendi,
957 1613 990 1649 &
1011 1616 1049 1647 de
1067 1622 1127 1654 eo,
1158 1615 1292 1657 quanti,
1323 1621 1359 1647 tu
1378 1627 1434 1649 ve-

459 1660 523 1693 reri
540 1656 684 1696 videris,
707 1656 849 1697 primum
869 1667 909 1691 ne
926 1659 1031 1700 nolit,
1054 1659 1170 1692 deinde
1191 1671 1233 1692 ne
1247 1659 1339 1692 tanti.
1362 1661 1451 1696 Sica

459 1702 571 1735 aliter:
594 1703 646 1736 ſed
663 1703 722 1737 tibi
738 1703 899 1737 aſſentior.
925 1706 1041 1744 quare,
1064 1708 1099 1733 ut
1120 1704 1149 1737 ei
1171 1705 1308 1745 placuit,
1327 1704 1440 1742 ſcripſi

458 1745 499 1777 ad
515 1742 707 1787 Egnatium.
732 1744 836 1785 Quod
852 1745 949 1779 Silius
966 1753 1003 1778 te
1014 1756 1088 1778 cum
1099 1747 1218 1780 Clodio
1235 1746 1325 1788 loqui
1342 1749 1432 1786 vult;

458 1789 556 1824 potes
577 1781 613 1814 id
632 1792 706 1815 mea
728 1783 896 1816 voluntate
917 1782 1043 1816 facere:
1076 1780 1351 1825 commodiusque
1368 1781 1434 1830 eſt,

459 1830 586 1864 quam,
599 1827 695 1865 quod
718 1827 773 1860 ille
796 1832 813 1859 a
835 1838 890 1859 me
910 1826 1012 1869 petit,
1034 1837 1089 1860 me
1110 1827 1213 1869 ipſum
1235 1829 1374 1868 ſcribere
1394 1831 1448 1864 ad

461 1870 625 1903 Clodium.
680 1870 735 1903 De
760 1869 931 1912 mancipiis
955 1870 1184 1912 Caſtricianis,
1214 1873 1451 1908 commodiſſi-

459 1921 554 1944 mum
577 1909 638 1945 eſſe
654 1912 768 1952 credo,
800 1910 970 1957 tranſigere
987 1911 1185 1948 Egnatium:
1208 1914 1297 1954 quod
1312 1913 1436 1956 ſcribis,

461 1959 496 1990 te
516 1954 560 1989 ita
582 1952 725 1987 futurum
743 1959 866 1997 putare.
916 1956 1000 1990 Cum
1016 1949 1123 1996 Ovia,
1153 1956 1277 1999 quæſo,
1306 1955 1382 1989 vide
1397 1964 1438 1990 ut
