1538 2318
188 345 228 380 C.
251 343 289 381 T.
317 346 415 381 SESS.
430 344 516 380 XIII.
534 345 590 380 DE
590 345 714 380 EVCH.
730 350 836 383 C.4.5.

856 350 897 385 97

140 408 191 437 ties
205 420 300 447 panem
316 410 504 445 benedictum,
538 413 621 439 etiam
641 422 774 449 quatenus
795 415 891 442 editur:

140 451 258 486 δϵιϰτιϰῶς
272 460 369 487 panem
384 460 477 483 vocat,
507 454 585 481 τȣ̃τον
607 453 684 487 ἄϱτον
710 462 728 481 I.
750 457 810 483 Cor.
836 456 889 488 XI,

140 493 180 519 26.
195 503 235 528 27.
285 490 329 519 Ad
341 490 386 524 id,
412 491 487 528 quod
506 491 602 520 dicunt
621 495 676 520 Deo
698 493 749 521 eſſe
767 493 889 530 poſſibile,

140 533 299 557 monemus,
326 533 383 553 non
397 534 451 554 tam
464 527 509 555 hic
521 527 555 554 de
568 525 622 554 Dei
640 528 780 563 potentia,
807 536 888 561 quam

136 559 229 593 potius
249 560 282 587 de
306 559 437 589 teſtatoris
454 561 590 588 voluntate
610 567 695 587 totam
708 566 889 595 quæſtionem

137 599 197 627 eſſe.
234 599 315 633 Quod
330 598 362 625 ad
378 608 401 627 c.
415 608 433 627 i.
448 599 524 628 ſimul
538 599 698 636 reſpondiſſe
718 603 793 641 nunc,
808 609 886 634 quan-

137 642 197 661 tum
212 633 244 661 ad
255 643 317 668 nos,
331 633 450 664 ſufficiat.

187 712 278 758 Cap.
290 713 319 763 5.
337 712 370 750 de
384 716 487 753 cultu
499 714 534 750 &
549 714 791 752 veneratione
791 714 887 753 huic

235 761 456 801 ſanctisſimo
496 762 735 800 Sacramento
780 763 884 801 exhi-

215 803 366 850 benda.

178 904 295 939 Nullus
312 906 415 947 itaque
432 902 598 938 dubitandi
619 906 715 939 locus
734 903 885 944 relinqui-

136 954 205 987 tur,
229 950 307 991 quin
323 949 438 984 omnes
459 951 573 987 Chriſti
592 950 718 991 fideles,
741 960 800 993 pro
813 966 887 997 mo-

134 1006 169 1032 re
190 998 224 1031 in
246 999 284 1033 C.
306 1000 340 1033 E.
360 998 481 1039 ſemper
504 1006 652 1039 recepto,
703 1010 887 1040 LATRIAE

119 1044 276 1086 cultum,
299 1047 354 1088 qui
367 1055 443 1078 vero
464 1047 533 1081 Deo
555 1048 702 1087 debetur,
736 1049 806 1080 huic
820 1051 885 1079 ſan-

134 1094 269 1132 ctiſſimo
291 1090 496 1133 Sacramento
517 1097 550 1130 in
573 1101 776 1130 veneratione
795 1102 884 1136 adhi-

134 1136 241 1178 beant.
285 1143 398 1187 Neque
411 1146 497 1177 enim
514 1147 589 1179 ideo
603 1149 709 1181 minus
739 1152 796 1192 eſt,
812 1155 884 1181 ado-

133 1199 287 1242 randum,
335 1200 423 1244 quod
444 1200 538 1238 fuerit
570 1215 579 1237 a
599 1202 760 1244 Domino,
788 1215 824 1235 ut
829 1209 882 1245 ſu-

134 1261 261 1305 matur,
289 1257 464 1300 inſtitutum.
530 1260 617 1292 Nam
638 1258 727 1293 illum
748 1258 884 1292 eundem

136 1287 250 1331 DEum
271 1296 455 1337 præſentem
477 1305 510 1338 in
536 1318 576 1337 eo
589 1303 692 1345 adeſſe
704 1308 887 1354 credimus,

136 1360 233 1395 quem
250 1352 339 1387 Pater
357 1361 490 1387 æternus
509 1351 714 1388 introducens
730 1359 765 1387 in
774 1359 883 1390 orbem

135 1411 315 1446 terrarum,
334 1401 429 1437 dicit:
449 1404 483 1437 &
491 1403 622 1438 adorent
629 1415 702 1439 eum
710 1415 820 1438 omnes
829 1419 887 1444 an-

101 1458 199 1501 geli
215 1461 284 1495 Dei.
312 1459 434 1501 Quem
454 1456 537 1499 magi
559 1458 753 1502 procidentes
774 1459 885 1496 adora-

136 1509 268 1538 verunt:
290 1516 385 1549 quem
400 1504 535 1547 denique
550 1507 588 1539 in
599 1506 726 1541 Galilæa
739 1508 779 1540 ab
793 1509 884 1550 Apo-

135 1554 223 1591 ſtolis
237 1554 408 1592 adoratum
428 1554 532 1597 fuiſſe,
581 1556 731 1599 ſcriptura
756 1558 884 1595 teſtatur

136 1603 273 1647 (Luther.
291 1606 373 1638 Tom.
386 1615 416 1639 2.
431 1604 539 1649 Jenen.
555 1607 592 1639 G.
598 1604 659 1647 fol.
674 1615 733 1638 201.
755 1618 815 1645 205.
828 1613 886 1655 ſeq.

136 1657 216 1702 258.)
260 1660 403 1692 Declarat
423 1666 569 1702 præterea
591 1661 621 1694 S.
641 1659 805 1704 Synodus,
833 1670 885 1703 pie

137 1708 173 1742 &
185 1707 326 1752 religioſe
340 1708 514 1743 admodum
528 1710 564 1743 in
578 1711 636 1744 Dei
652 1713 777 1745 eccleſia
791 1718 885 1744 indu-

136 1756 223 1793 ctum
239 1758 330 1794 fuiſſe
349 1756 436 1791 hunc
453 1767 599 1797 morem,
627 1771 662 1791 ut
681 1763 808 1802 ſingulis
826 1774 884 1791 an-

135 1811 185 1841 nis
203 1810 353 1854 peculiari
372 1808 513 1854 quodam
535 1813 570 1846 &
590 1813 671 1847 feſto
687 1816 738 1846 die
757 1814 883 1853 præcel-

136 1858 204 1895 ſum
224 1860 289 1906 hoc
301 1859 478 1898 venerabile
494 1859 728 1898 ſacramentum
747 1867 883 1904 ſingula-

894 1061 932 1091 ſq.
943 1073 993 1095 can.
1009 1071 1035 1084 6.

894 1289 954 1319 can.
959 1301 1040 1330 4.an-

888 1328 921 1356 te
923 1330 1011 1367 uſum
1011 1338 1037 1370 c.

893 1367 914 1387 3.
923 1368 945 1382 ut
953 1366 1038 1388 ſume-

893 1410 955 1432 rent
964 1413 1020 1443 ſeſſ.

887 1431 931 1466 22.
939 1441 1021 1477 c.1.8.

546 1919 578 1951 G

794 1920 879 1957 rive-
