1213 1860
398 243 437 280 96

577 241 623 274 De
640 242 737 285 Officio
753 238 928 277 Sacerdotis,

397 300 453 330 que
465 289 545 321 enim
566 298 718 329 propterea
738 290 807 321 licet
821 290 955 321 ſanctum
976 287 1043 320 dare
1064 295 1111 320 ca-

396 332 499 366 nibus,
518 340 566 361 aut
581 334 751 370 margaritas
762 333 894 370 ſpargere
908 337 974 359 ante
988 337 1109 368 porcos;

395 383 429 405 ut
446 374 504 405 hic
513 374 702 406 veroſimiliùs
717 375 803 405 fieret.

437 417 568 458 Inquires
582 421 608 449 6.
642 420 669 450 Si
683 418 810 464 Sponſus
827 418 859 449 &
873 417 983 459 Sponſa
997 415 1111 448 haben-

396 465 438 489 tes
464 458 707 490 conſuetudinem
731 457 870 496 peccandi
893 458 1052 489 mortaliter
1074 456 1110 487 ad

397 503 606 534 confeſſionem
620 502 757 532 accedant
771 510 805 531 eo
821 499 884 538 ipſo
899 502 960 534 die,
985 509 1044 540 quo
1063 507 1110 530 ce-

398 543 545 574 Iebrandæ
559 543 627 572 ſunt
640 543 765 580 nuptiæ,
781 552 816 571 an
832 542 886 572 ſint
901 541 1089 573 abſolvendi?

439 589 478 620 ꝶ.
507 586 560 615 Vel
583 585 650 614 ſunt
671 582 917 614 conſuetudinarii
943 584 972 613 in
991 580 1111 612 materia

399 630 535 656 venerea,
564 621 601 652 &
601 621 839 652 matrimonium
870 622 1020 658 elegerunt
1046 628 1110 650 tan-

398 672 485 702 quam
506 663 668 694 remedium
688 661 820 695 adversùs
837 671 951 700 peccata
971 663 1109 694 carnalia:

398 709 431 741 &
455 709 486 739 in
509 709 559 740 tali
579 706 645 739 caſu
665 705 837 740 abſolvendi
860 715 954 737 erunt.
995 705 1111 745 Sperari

396 751 506 790 quippe
520 751 628 792 poteſt,
644 753 724 792 quòd
739 751 918 792 ſuſceptione
932 750 1112 782 Sacramenti

399 794 599 830 matrimonii,
621 794 653 827 &
665 795 749 826 licito
761 792 827 833 ejus
843 792 914 829 uſu,
936 790 1028 827 finem
1047 800 1115 831 pec-

401 835 488 864 candi
502 835 619 864 facient.

441 874 498 905 Vel
520 871 701 902 conſuetudo
721 871 841 902 illorum
858 869 987 902 verſatur
1008 869 1037 902 in
1042 864 1113 899 alia

401 915 538 950 materia;
566 915 598 945 &
619 908 683 944 tum
713 915 801 944 etiam
827 913 1019 944 abſolvendos
1043 913 1114 945 illos

399 957 550 990 exiſtimo:
573 958 674 989 ſaltem
689 957 709 988 ſi
726 964 859 996 apparet,
877 955 959 996 quòd
979 965 1046 987 cum
1065 956 1110 987 ſu-

399 998 549 1042 ſceptione
578 1002 649 1032 novi
675 998 763 1033 ſtatûs
791 998 904 1031 firmius
929 996 1113 1040 propoſitum

398 1042 568 1084 concipiant
585 1042 714 1075 melioris
727 1043 808 1080 vitæ,
830 1041 864 1075 &
875 1043 914 1074 ad
927 1038 1050 1086 remedia
1064 1040 1116 1081 ad-

396 1084 522 1119 hibenda
534 1093 688 1121 promptos
700 1084 729 1116 ſe
738 1085 907 1117 exhibeant.

440 1126 544 1159 Ratio,
571 1124 611 1154 ob
639 1135 730 1163 quam
749 1125 860 1154 talibus
887 1121 1114 1155 conſuetudina-

401 1171 452 1201 riis
465 1169 580 1201 faciliùs
597 1169 633 1199 ſit
646 1168 844 1207 impendenda
862 1169 1028 1203 abſolutio,
1050 1167 1113 1198 hæc

403 1210 460 1241 eſt:
492 1210 560 1249 quia
582 1212 689 1240 meritò
718 1208 820 1239 timere
849 1209 937 1240 debet
962 1207 1136 1240 Confeſſa-

402 1250 480 1286 rius,
502 1259 538 1280 ne
558 1250 689 1289 alioquin
711 1257 772 1280 non
795 1244 939 1284 abſoluti,
963 1250 994 1279 in
1006 1248 1042 1279 iis
1058 1248 1114 1279 cir-

400 1290 597 1325 cumſtantiis,
619 1288 754 1331 equidem
770 1296 894 1329 pergant
909 1288 945 1320 ad
961 1289 1116 1321 matrimo-

400 1336 487 1365 nium
502 1331 747 1370 contrahendum,
756 1342 819 1365 non
835 1330 892 1364 ſine
907 1330 1064 1364 certiſſimo
1081 1332 1115 1364 &

401 1375 506 1416 grandi
531 1374 700 1415 ſacrilegio,
725 1374 806 1416 quod
833 1369 1018 1408 committent
1045 1383 1114 1413 pro-

399 1416 530 1450 fanando
545 1415 763 1449 Sacramentum
784 1416 980 1446 matrimonii.

444 1458 579 1489 Priorum
594 1455 801 1487 reſolutionem
815 1456 850 1486 ſic
866 1455 1024 1490 modifico,
1049 1462 1083 1486 ut
1093 1455 1113 1487 ſi

403 1500 524 1541 ſponſus
535 1501 566 1533 &
581 1499 686 1539 ſponſa
700 1501 851 1532 carnaliter
863 1499 1017 1530 commixti
1031 1497 1113 1531 fuêre

403 1549 453 1581 illâ
477 1549 537 1588 ipſâ
558 1548 641 1579 nocte
664 1545 743 1588 (uti,
763 1556 818 1586 pro
835 1545 943 1577 dolor!
982 1544 1116 1584 quando-

401 1595 460 1626 que
482 1585 533 1627 ſit)
560 1584 679 1627 quando
697 1587 886 1621 decreverant
903 1584 1034 1626 ſequenti
1055 1594 1115 1615 ma-

1078 1645 1116 1664 ne
