2927 3468
1034 695 1132 734 Denis
1153 697 1262 739 Suppl.
1293 707 1325 740 p.
1350 708 1399 739 91.
1438 702 1547 735 Braun
1569 701 1595 737 I.
1624 711 1656 744 p.
1675 712 1746 738 201.
1790 705 1946 739 Seemiller
1962 707 2028 747 IIl.
2060 716 2090 748 p.
2110 716 2141 742 2.
2184 707 2349 753 Helmſchr.
2378 718 2413 752 p.
2438 719 2492 752 44.
2536 712 2626 756 Zapf

1075 745 1094 776 l.
1113 754 1136 777 c.
1157 753 1185 783 p.
1205 753 1255 782 72.

962 790 1025 819 20.
1052 786 1214 829 JOANNIS
1233 797 1278 819 DE
1297 798 1367 821 DEO
1387 783 1534 835 Hiſpani
1551 791 1690 828 Summa
1708 791 1854 830 Decreti
1871 793 2043 844 Gratiani.
2099 794 2213 834 Vlmae
2236 800 2344 841 1478.
2359 797 2427 848 fol.

1034 844 1133 878 Denis
1149 843 1253 885 Suppl.
1278 853 1308 881 p.
1322 853 1371 892 93.
1396 856 1436 877 ex
1458 846 1535 879 Bibl.
1554 849 1670 882 coenob.
1689 850 1838 883 Admont.
1855 854 1884 882 et
1900 852 1962 895 poſt
1978 853 2062 886 illum
2079 851 2168 896 Zapf
2179 853 2197 885 l.
2210 861 2237 887 c.
2255 861 2287 894 p.
2302 863 2353 897 74.
2372 856 2410 900 cf.
2429 857 2518 896 Fabr.
2536 860 2617 895 Bibl.

1072 893 1116 916 m.
1134 889 1163 917 et
1180 883 1237 926 inf.
1253 886 1307 919 lat.
1325 893 1362 918 L.
1378 885 1438 922 IV.
1462 898 1493 929 p.
1509 893 1560 922 60.

1577 966 1882 994 MCCCCLXXIX.

962 1011 1054 1052 *21.
1080 1012 1211 1050 VITAE
1230 1008 1426 1050 ſanƈtorum
1444 1015 1597 1052 Patrum.
1651 1016 1763 1054 Vlmae
1781 1025 1842 1065 per
1859 1018 2054 1064 Johannem
2075 1019 2214 1061 Zeiner.
2245 1028 2352 1071 1479.
2371 1021 2437 1072 fol.

1026 1056 1128 1100 Zapf
1142 1061 1161 1090 l.
1177 1071 1200 1092 c.
1222 1069 1253 1098 p.
1269 1068 1319 1100 75.
1341 1072 1380 1093 ex
1397 1062 1464 1094 bibl.
1484 1065 1606 1107 monaſt.
1620 1064 1786 1101 Buxheim.
1825 1068 1904 1101 An?
1931 1069 2055 1103 Extant
2073 1078 2129 1111 per
2144 1069 2287 1110 eundem,
2312 1075 2347 1104 at
2362 1072 2426 1115 ſine
2449 1077 2519 1108 nota
2542 1076 2619 1109 anni

1075 1111 1157 1145 Vide
1175 1110 1273 1151 infra.

1593 1169 1886 1205 MCCCCLXXX.

962 1216 1022 1245 22.
1052 1210 1176 1246 BIBLIA
1204 1210 1329 1249 Latina
1354 1222 1434 1249 cum
1463 1209 1653 1252 ſummariis
1686 1223 1722 1251 et
1755 1218 2020 1256 concordantiis
2056 1220 2224 1261 Menardi
2243 1222 2430 1265 Monachi.
2483 1224 2527 1265 In
2543 1225 2617 1275 fine

860 1260 1135 1313 Apocalypſeos:
1167 1266 1268 1305 Anno
1294 1279 1316 1306 a
1341 1266 1530 1308 natiuitate
1555 1270 1632 1309 dni.
1660 1271 1840 1319 Milleſimo
1866 1273 2198 1325 quadringenteſimo
2221 1277 2449 1327 oƈtuageſimo.
2491 1288 2615 1332 quarto

860 1311 1023 1351 kalendas
1033 1312 1228 1366 februarii.
1284 1315 1325 1354 In
1345 1316 1579 1366 omnipotentis
1598 1319 1655 1357 dei
1669 1320 1809 1359 laudem
1817 1318 1946 1373 ſueque
1969 1323 2062 1362 curie
2080 1324 2203 1374 celeſtis
2218 1327 2364 1374 gloriam
2390 1336 2422 1366 et
2445 1329 2613 1370 honorem.

861 1367 1023 1408 Finitum
1039 1368 1083 1416 eſt
1100 1368 1156 1406 hoc
1173 1368 1301 1417 inſigne
1315 1371 1398 1410 noui
1414 1384 1454 1408 ac
1469 1372 1598 1411 ueteris
1614 1374 1889 1421 teſtamentorum
1898 1383 1994 1425 opus.
2018 1385 2081 1428 per
2099 1379 2294 1425 Johannem
2311 1381 2447 1422 Zainer
2461 1385 2616 1432 Vlmenſis

859 1414 955 1462 opidi
970 1415 1121 1456 incolam.
1157 1420 1260 1467 Opus
1281 1419 1423 1469 inquam
1443 1423 1640 1468 preclarum
1662 1422 1709 1461 ad
1727 1424 1931 1472 ſimplicium
1948 1424 2169 1466 ſacerdotum
2187 1431 2383 1467 utilitatem.
2412 1442 2486 1469 non
2502 1435 2613 1471 modo

861 1474 942 1501 cum
961 1468 1156 1506 canonibus
1171 1467 1540 1520 euangeliſtarumque
1560 1473 1839 1512 concordantiis.
1867 1487 1993 1513 verum
2011 1473 2153 1527 inſuper
2168 1489 2247 1517 cum
2260 1479 2454 1519 diƈtionum
2472 1483 2613 1521 hebrai-

858 1525 981 1552 carum
1006 1517 1198 1556 declaratio
1216 1518 1308 1567 (ſic)
1336 1531 1379 1558 ac
1399 1523 1536 1560 caſibus
1567 1519 1757 1562 ſummariis
1784 1521 1920 1576 ſemper
1940 1527 1984 1564 ab
2006 1528 2108 1564 initio
2129 1531 2367 1579 capitulorum
2383 1532 2508 1582 poſitis
2528 1535 2612 1573 dili-

858 1567 1045 1617 gentiſſime
1066 1571 1273 1622 impreſſum.
1328 1574 1494 1623 Sequitur
1518 1578 1685 1616 Menardi
1711 1578 1856 1628 epiſtola
1882 1581 1926 1616 ad
1953 1582 2126 1630 Jacobum
2150 1586 2195 1621 de
2219 1582 2363 1624 Iſenaco
2390 1595 2471 1623 cum
2499 1598 2611 1625 cano-

858 1618 964 1658 nibus
990 1620 1288 1672 Evangeliſtarum
1362 1625 1539 1665 Tandem:
1576 1627 1760 1679 Incipiunt
1782 1630 2098 1680 interpretationes
2123 1635 2387 1673 Hebraicorum
2413 1639 2612 1676 nominum.

860 1675 964 1713 Char.
982 1675 1073 1720 goth.
1096 1676 1219 1717 minut.
1232 1677 1303 1725 ſine
1316 1676 1405 1729 ſign.
1426 1679 1505 1725 cuſt.
1544 1679 1564 1716 &
1578 1689 1685 1730 pagg.
1703 1689 1798 1721 num.
1814 1681 1898 1732 foll.
1910 1691 1999 1730 439.
2019 1684 2083 1723 col.
2101 1695 2137 1727 2.
2180 1688 2290 1728 Tituli
2310 1690 2435 1729 libror.
2453 1691 2489 1728 in
2505 1686 2610 1741 ſupe-

857 1723 945 1760 riori
964 1726 1121 1774 margine
1130 1725 1315 1776 leguntur.
1337 1726 1405 1774 fol.
1421 1728 1506 1769 mai.

1026 1773 1135 1806 Editio
1149 1774 1238 1806 unica
1253 1774 1382 1806 Biblior.
1397 1777 1481 1810 latin.
1499 1777 1562 1810 Sec.
1572 1777 1648 1813 XV.
1667 1781 1700 1812 in
1716 1775 1831 1813 Sueuia
1846 1775 2068 1825 impreſſorum,
2082 1780 2255 1826 primaque,
2271 1790 2346 1826 quae
2362 1784 2446 1828 caſus
2460 1790 2506 1821 ita
2518 1789 2611 1823 diƈtos

1058 1818 1249 1861 ſummarios
1260 1819 1318 1862 ſeu
1341 1821 1445 1855 breuia
1468 1823 1600 1865 capitum
1626 1829 1828 1868 argumenta,
1849 1829 1977 1862 exhibet.
2008 1830 2112 1862 Maitt.
2136 1839 2166 1871 p.
2182 1839 2254 1871 404.
2291 1832 2400 1867 Editio
2421 1838 2497 1866 anni
2518 1842 2607 1874 1484.

1076 1863 1261 1908 Ulmenſis,
1269 1873 1360 1906 quam
1380 1864 1473 1910 affert
1493 1868 1534 1899 id.
1552 1876 1583 1909 p.
1599 1875 1669 1907 451.
1692 1869 1803 1911 aliique
1826 1875 1895 1904 ante
1917 1877 1944 1904 et
1963 1873 2024 1915 poſt
2045 1874 2130 1906 illum
2151 1879 2342 1911 excitarunt,
2366 1877 2534 1920 apocrypha
2556 1881 2606 1923 eſt.

1068 1903 1138 1941 Illi,
1168 1904 1221 1946 qui
1242 1904 1385 1938 eiusmodi
1408 1907 1566 1940 editionem
1585 1910 1805 1951 producebant,
1830 1910 1927 1944 verba
1948 1912 2195 1955 ſubſcriptionis:
2234 1915 2451 1960 Octuageſimo.
2492 1918 2610 1962 Quarto

1066 1944 1222 1979 Kalendas
1233 1945 1413 1986 Februarii,
1437 1952 1482 1979 ita
1496 1953 1733 1986 coniunxerunt,
1758 1956 1791 1984 ut
1807 1960 1905 1984 annus
1921 1957 2012 1994 1484.
2040 1954 2109 1986 inde
2126 1962 2218 1989 natus
2235 1957 2280 1998 ſit.
2328 1957 2466 1991 Genuina
2477 1963 2565 1992 extat
2576 1964 2610 1993 in

1065 1990 1148 2024 Bibl.
1169 1991 1268 2033 Capit.
1288 1992 1409 2027 Sebald.
1446 1993 1577 2029 Seemill.
1593 1994 1639 2026 II.
1649 2002 1690 2028 p.
1705 2002 1758 2035 59.
1794 1995 1961 2039 Helmſchr.
1979 2006 2012 2037 p.
2022 2006 2076 2039 50.
2105 1997 2207 2041 Zapf.
2227 1997 2246 2033 I.
2260 2008 2286 2034 c.
2303 2008 2336 2043 p.
2350 2007 2402 2041 78.
2428 2003 2553 2048 Maſch.
2569 2008 2608 2041 P.

1064 2040 1109 2073 II.
1136 2041 1214 2073 Voll.
1231 2042 1289 2073 III.
1314 2050 1344 2079 p.
1361 2046 1431 2079 127.

952 2084 1015 2124 23.
1042 2079 1205 2116 ALBERTI
1225 2093 1271 2115 DE
1288 2093 1401 2118 PADVA
1421 2081 1514 2122 Ord.
1526 2084 1673 2125 Eremit.
1694 2085 1731 2124 S.
1744 2082 1892 2137 Auguſt.
1906 2086 2098 2127 Sermones
2114 2088 2159 2128 de
2172 2089 2375 2132 Dominicis
2394 2101 2459 2141 per
2475 2102 2606 2132 annum

854 2138 892 2169 et
910 2135 1108 2185 praecipuis
1128 2135 1385 2177 feſtivitatibus.
1438 2141 1581 2180 Accedit
1597 2141 1864 2182 Concordantia
1887 2151 2042 2194 quatuor
2058 2144 2354 2197 Euangeliſtarum
2379 2150 2425 2188 de
2448 2149 2606 2201 paſſione

851 2186 1013 2224 Domini.
1067 2186 1195 2227 Praeit
1212 2186 1408 2239 Regiſtrum
1427 2190 1561 2227 ordine
1583 2190 1807 2241 alphabetico
1828 2193 2015 2235 colleƈtum
2037 2200 2072 2234 in
2092 2194 2269 2236 ſermones
2297 2198 2478 2250 quondam
2494 2211 2605 2241 vene-

848 2236 969 2277 rabilis
991 2246 1032 2274 ac
1049 2238 1182 2289 egregii
1199 2240 1264 2277 viri
1282 2242 1374 2290 mgri
1392 2242 1516 2281 alberti
1537 2244 1701 2294 d'padua.
1733 2244 1849 2285 fratris
1869 2248 2115 2288 heramitarum
2132 2251 2222 2295 (ſic
2259 2253 2395 2291 ordinis
2409 2252 2604 2304 Auguſtini.

844 2284 923 2338 foll.
943 2295 998 2322 11.
1030 2288 1104 2325 Fol.
1125 2297 1180 2327 12.
1201 2301 1235 2327 a.
1264 2290 1392 2339 Incipit
1417 2286 1570 2330 ſolemne
1595 2303 1685 2341 opus
1711 2294 1943 2343 expoſitionis
1962 2291 2239 2348 Euangeliorum
2261 2300 2523 2341 dominicalium
2545 2310 2605 2341 to-

849 2337 920 2373 tius
939 2335 1020 2371 anni
1034 2356 1063 2370 -
1070 2346 1149 2373 cum
1166 2341 1425 2379 concordantia
1444 2347 1599 2390 quatuor
1616 2343 1905 2393 euangeliſtarum
1927 2348 1961 2384 in
1980 2341 2170 2397 paſſionem
2189 2350 2416 2390 dominicam.
2467 2354 2511 2390 In
2535 2354 2603 2402 fine

796 2388 1009 2438 ſermonis
1032 2384 1173 2428 ultimi:
1208 2393 1311 2430 Liber
1336 2392 1618 2442 predicationum
1645 2393 1748 2443 ſuper
1764 2400 1955 2448 euangeliis
1977 2399 2258 2440 dominicalibus.
2312 2406 2355 2440 Et
2373 2407 2407 2441 in
2428 2407 2604 2455 precipuis

846 2439 1093 2480 feſtiuitatibus
1120 2437 1328 2481 ſanƈtorum.
1383 2445 1474 2483 Vlme
1508 2443 1689 2495 impreſſus
1710 2457 1777 2495 per
1801 2449 1993 2496 Johannem
2021 2451 2155 2492 Zainer
2188 2456 2290 2492 Anno
2318 2455 2457 2493 domini.
2491 2460 2602 2500 1480.

847 2490 939 2528 circa
954 2489 1083 2539 feſtum
1100 2490 1218 2541 ſanƈti
1239 2496 1321 2533 Viti.
1364 2496 1464 2535 Finit
1490 2489 1609 2543 felicit.
1664 2499 1744 2545 Poſt
1771 2499 1891 2541 folium
1918 2500 2098 2549 vacuum:
2126 2502 2253 2552 Incipit
2280 2504 2537 2543 concordantia
2566 2508 2602 2545 in

843 2538 1037 2589 paſſionem
1067 2541 1283 2579 dominicam
1312 2541 1354 2576 ab
1382 2539 1527 2592 egregio
1555 2546 1737 2595 quondam
1761 2538 1847 2585 viro
1874 2559 1979 2597 mgro
2002 2553 2158 2590 Nicolao
2180 2552 2471 2605 Dinckelſpichel
2504 2554 2601 2608 (ſic)

845 2593 1043 2634 colleƈtam.
1095 2597 1138 2635 In
1151 2595 1251 2645 fine:
1290 2599 1373 2634 Deo
1400 2592 1541 2648 gratias.
1564 2600 1642 2650 foll.
1662 2605 1722 2650 36.
1777 2604 1881 2642 Char.
1901 2603 1991 2649 goth.
2014 2605 2085 2653 ſine
2098 2605 2190 2655 ſign.
2216 2607 2297 2654 cuſt.
2323 2618 2355 2646 et
2372 2617 2478 2659 pagg.
2503 2619 2599 2651 num.

844 2652 905 2693 fol.
923 2651 1010 2692 min.

1015 2685 1121 2721 Maitt.
1145 2697 1174 2727 p.
1191 2692 1262 2722 776.
1299 2691 1405 2723 Braun
1423 2689 1463 2720 II.
1483 2698 1514 2730 p.
1528 2701 1567 2730 79
1611 2689 1766 2726 Seemiller
1779 2691 1823 2728 II.
1840 2703 1871 2735 p.
1888 2702 1936 2734 53.
1967 2684 2057 2728 Gras
2073 2704 2103 2737 p.
2119 2703 2168 2736 45.
2202 2697 2364 2742 Helmſchr.
2388 2709 2418 2738 p.
2432 2707 2481 2733 50.
2516 2700 2599 2739 Bibl.

1054 2721 1198 2771 Anſpac.
1212 2727 1299 2769 Bibl.
1323 2734 1473 2774 Heidegg.
1504 2735 1584 2769 Bibl.
1603 2739 1636 2768 P.
1654 2738 1732 2771 Nor.
1765 2737 1859 2780 Zapf
1859 2737 1887 2781 l.
1901 2749 1923 2771 c.
1946 2749 1976 2781 p.
1991 2743 2041 2773 76.
2081 2741 2188 2774 Editio
2202 2751 2276 2774 anni
2295 2747 2384 2781 1481.
2408 2738 2499 2784 quam
2519 2748 2600 2779 idem

1054 2773 1108 2810 vir
1123 2771 1225 2813 doctus
1238 2790 1277 2812 ex
1296 2779 1488 2825 Hirſchingii
1509 2780 1595 2825 Verſ.
1615 2784 1653 2818 V.
1672 2785 1711 2816 II.
1731 2792 1763 2826 p.
1779 2794 1847 2818 202.
1868 2776 1997 2823 excitat,
2018 2786 2189 2830 apocrypha
2206 2788 2254 2832 eſt.
