2565 3140
1923 2580 2297 2624 §.LXXXXVIIII.

1531 712 1608 759 24

873 790 1037 838 tabitur.
1097 785 1353 835 Fortiſſumæ
1371 794 1475 839 ergo
1491 781 1536 825 &
1554 777 1809 824 viuidiſſimæ
1828 785 1921 819 tum
1939 772 2111 816 demum
2119 777 2266 812 excita-

875 851 1032 893 buntur
1053 840 1440 905 repræſentationes.

1393 911 1428 956 §.
1480 909 1745 950 LXXXXIIII.

1002 956 1207 991 Adfectus
1227 954 1299 984 vbi
1322 956 1364 982 in
1381 956 1519 979 anima
1536 956 1714 990 gradum
1731 947 1966 996 maximum
1975 944 2149 1001 adſecuti
2159 941 2269 993 ſunt:

880 1024 1115 1074 decreſcunt
1130 1020 1286 1080 poſtea,
1306 1015 1594 1065 accedentibus
1612 1014 1701 1057 aliis
1718 1006 2154 1069 repræſentationibus,
2179 1013 2272 1060 quæ

883 1087 962 1133 hos
987 1083 1215 1130 obſcurant.

1397 1144 1431 1174 §.
1483 1143 1722 1174 LXXXXV.

986 1188 1202 1257 Quædam
1225 1182 1611 1245 repræſentationes,
1639 1181 1668 1224 ſi
1685 1193 1738 1223 ex
1750 1176 1976 1235 improuiſo
1995 1174 2278 1229 repræſenten-

886 1261 969 1304 tur,
985 1247 1335 1296 vehementiſſime
1352 1244 1539 1291 animum
1556 1240 1742 1286 noſtrum
1767 1234 1945 1295 perſæpe
1954 1241 2140 1276 mutant:
2170 1239 2277 1284 quæ-

886 1306 985 1350 dam
1009 1317 1093 1346 non
1108 1311 1240 1356 agunt
1258 1299 1330 1352 niſi
1349 1286 1560 1353 præmiſſis
1578 1294 1680 1340 aliis.
1740 1292 1897 1334 Orator
1914 1297 2017 1341 ergo
2035 1297 2126 1328 vtra
2145 1288 2211 1327 via
2221 1287 2276 1325 in-

888 1362 1099 1409 grediatur
1129 1361 1209 1401 rite
1225 1358 1380 1401 calleat.

1396 1409 1430 1451 §.
1481 1409 1731 1449 LXXXXVI.

1013 1452 1132 1497 Ordo
1157 1453 1199 1493 in
1226 1451 1410 1491 oratione
1440 1449 1693 1496 neceſſarius,
1718 1451 1769 1495 §.
1788 1451 1861 1482 XI.
1887 1451 1976 1483 XII.
2007 1451 2073 1478 eſt
2099 1440 2165 1477 vel
2191 1451 2278 1477 ſim-

892 1520 1004 1581 plex,
1022 1519 1090 1564 vel
1104 1515 1368 1574 compoſitus.
1420 1509 1624 1569 Simplex,
1642 1509 1672 1552 ſi
1691 1522 1773 1553 vna
1791 1503 1945 1550 ordinis
1964 1499 2108 1559 regula
2129 1498 2288 1558 fuerit;

892 1578 1158 1638 compoſitus,
1176 1576 1207 1622 ſi
1227 1573 1380 1636 plures.
1440 1568 1719 1629 Compoſitus,
1746 1564 1941 1624 quoniam
1969 1562 2028 1607 eſt
2060 1557 2282 1622 perfectior

893 1637 1078 1698 ſimplici,
1089 1649 1165 1694 per
1173 1635 1302 1693 princ.
1317 1628 1498 1689 metaph:
1512 1630 1554 1673 in
1563 1622 1849 1675 coordinandis
1858 1618 2281 1680 repræſentationibus

893 1700 973 1742 erit
993 1692 1294 1741 anteferendus.

1410 1757 1444 1798 §.
1495 1755 1765 1798 LXXXXVII.

1009 1808 1053 1853 Si
1069 1802 1323 1851 coordinatio
1338 1794 1740 1854 repræſentationum
1759 1788 2057 1837 determinatur
2071 1798 2149 1844 per
2167 1798 2283 1828 natu-

898 1880 989 1913 ram
995 1867 1156 1920 animæ,
1167 1874 1251 1908 tam
1265 1862 1452 1913 oratoris,
1463 1870 1586 1913 quam
1596 1854 1806 1906 mouendi,
1817 1852 1861 1896 &
1870 1853 1951 1897 rei:
1956 1846 2182 1907 perfectior
2195 1845 2286 1899 erit,

898 1933 1025 1979 quam
1034 1920 1062 1961 ſi
1076 1933 1149 1977 per
1157 1928 1346 1962 naturam
1353 1914 1476 1957 vnius
1486 1910 1612 1955 modo
1623 1901 1919 1953 determinatur
1930 1910 1969 1962 §.
1987 1901 2284 1965 LXXXXVI;

897 1979 996 2025 hinc
1012 1976 1066 2021 ab
1083 1984 1246 2019 oratore
1270 1973 1325 2016 ita
1351 1964 1701 2014 determinabitur.

1394 2047 1428 2074 §.
1480 2038 1766 2079 LXXXXVIII.

1019 2093 1093 2141 Per
1103 2086 1354 2150 principium
1371 2081 1724 2132 indiſcernibilium
1737 2092 1832 2125 cum
1842 2076 1930 2122 hæc
1938 2077 1979 2120 in
1988 2073 2194 2121 infinitum
2214 2074 2288 2119 dif-

902 2151 1036 2198 ferant
1070 2165 1095 2194 a
1116 2149 1175 2204 ſe;
1221 2156 1358 2190 certus
1396 2141 1503 2187 ordo
1538 2137 1739 2197 præſcribi
1790 2149 1873 2180 non
1924 2133 2070 2189 poteſt.
2136 2132 2182 2175 In
2227 2143 2290 2173 or-

902 2212 996 2256 dine
1011 2206 1253 2264 compoſito,
1274 2202 1471 2260 quoniam
1490 2198 1693 2246 interdum
1714 2196 1847 2253 excipi
1868 2193 1988 2239 debet
2005 2192 2057 2236 ab
2079 2190 2214 2247 aliqua
2232 2200 2289 2229 re-

905 2267 1003 2324 gula
1015 2265 1241 2318 communi,
1258 2258 1411 2316 orietur
1431 2252 1616 2313 confuſio,
1633 2256 1695 2300 ſed
1704 2253 1918 2309 adparens.
1977 2253 2085 2292 Quæ
2093 2247 2290 2302 quoniam

904 2318 1069 2364 admiſſa
1093 2318 1171 2370 eſt,
1199 2325 1245 2358 vt
1272 2313 1405 2356 maior
1430 2310 1500 2352 fiat
1528 2305 1748 2364 perfectio,
1781 2304 1822 2364 §.
1854 2283 2141 2364 LXXXXVI.
2173 2303 2290 2351 grata

905 2383 997 2427 erit.
1055 2382 1167 2426 Hinc
1199 2367 1385 2421 confuſio
1410 2382 1527 2429 grata
1552 2372 1596 2414 in
1631 2369 1816 2412 oratione
1842 2363 2069 2412 neceſſaria.
2123 2361 2180 2402 Et
2205 2369 2289 2413 quo

907 2435 1041 2486 maior
1048 2435 1232 2482 confuſio
1242 2442 1386 2493 grata:
1390 2431 1481 2475 hoc
1489 2426 1723 2488 perfectior.

1079 2491 1200 2534 Facile
1214 2502 1264 2529 ex
1278 2489 1354 2526 hoc
1368 2482 1580 2535 cognoſcet
1596 2483 1642 2522 L.
1660 2482 1702 2521 B.
1725 2479 1819 2532 quid
1836 2479 1887 2520 de
1907 2477 2039 2519 Chriis
2049 2470 2293 2519 ſtatuendum

1021 2542 1088 2588 ſit;
1109 2543 1198 2590 quia
1208 2542 1247 2579 in
1257 2537 1334 2580 illis
1344 2546 1449 2588 grata
1458 2534 1522 2575 illa
1536 2539 1619 2575 ron
1631 2533 1685 2573 eſt
1701 2527 1892 2572 confuſio.
