1350 1924
403 375 568 400 CAPVT
606 374 744 405 XVIII.

157 416 211 487 E

211 416 232 456 x
249 418 371 454 prætura
384 414 554 445 vlteriorem
575 412 693 445 ſortitus
712 412 899 454 Hiſpaniam,
909 413 985 443 reti-

234 468 340 491 nentes
352 458 508 489 creditores
520 458 690 488 interuentu
703 455 873 496 ſponſorum
885 466 983 485 remo-

157 500 216 530 vit:
237 507 270 528 ac
282 505 379 536 neque
392 507 489 534 more,
507 506 604 535 neque
617 499 679 526 iure
692 505 847 536 antequam
859 497 981 535 prouin-

160 547 212 577 ciæ
226 553 413 583 ornarentur,
436 545 583 584 profectus
602 546 657 577 eſt:
681 546 842 582 incertum,
857 550 984 574 metune

160 587 278 623 iudicii,
302 585 383 626 quod
393 589 507 625 priuato
520 586 695 625 parabatur,
712 595 751 614 an
763 595 822 624 quo
838 586 980 616 maturius

158 632 244 664 ſociis
263 633 491 672 implorantibus
504 632 689 662 ſubueniret.
734 633 894 668 Pacataque
912 637 984 668 pro-

159 672 266 706 vincia,
280 673 342 709 pari
355 672 549 707 feſtinatione,
563 680 625 699 non
638 669 800 709 exſpectato
811 671 983 705 ſucceſſore,

157 714 198 745 ad
210 712 396 751 triumphum
409 712 495 743 ſimul
508 712 752 750 conſulatumque
765 713 890 743 deceſſit.
922 712 980 743 Sed

158 762 231 785 cum
243 753 343 784 edictis
358 753 418 782 iam
430 747 558 782 comitiis
570 752 636 782 ratio
653 751 715 782 eius
727 752 828 782 haberi
842 760 904 780 non
915 748 987 790 poſ-

160 799 216 836 ſet,
234 796 287 828 niſi
299 797 429 836 priuatus
448 797 592 828 introiſſet
607 796 725 833 vrbem,
745 796 777 826 &
791 797 935 826 ambienti
950 804 986 826 vt

158 840 278 881 Iegibus
295 838 474 876 ſolueretur,
489 838 577 869 multi
592 836 840 876 contradicerent,
862 837 985 868 coactus

160 886 211 921 eſt,
226 881 413 923 triumphum,
419 891 477 922 ne
491 880 644 915 conſulatu
655 881 874 922 excluderetur,
881 880 984 916 dimit-

159 942 231 967 tere.

410 1012 579 1037 CAPVT
623 1011 715 1037 XIX.

161 1057 216 1134 E

235 1052 357 1086 duobus
373 1051 552 1085 Conſulatus
574 1052 836 1093 competitoribus,
868 1052 901 1085 L.
924 1052 999 1085 Lu-

238 1104 311 1137 ceio,
326 1102 370 1134 M.
386 1112 444 1137 que
459 1102 589 1137 Bibulo,
606 1102 750 1133 Luceium
763 1101 817 1133 ſibi
827 1102 988 1134 adinnxit:

160 1143 263 1186 pactus
276 1151 308 1175 vt
319 1142 363 1181 is,
391 1143 534 1184 quoniam
555 1142 678 1174 inferior
687 1141 776 1185 gratia
789 1142 872 1181 eſſet,
894 1150 982 1182 pecu-

161 1187 271 1226 niaque
283 1186 423 1226 polleret,
433 1196 574 1221 nummos
583 1185 620 1222 de
632 1185 683 1216 ſuo
693 1186 847 1216 communi
856 1186 981 1216 nomine

162 1238 216 1272 per
228 1229 374 1260 centurias
387 1229 603 1267 pronunciaret.
662 1221 707 1274 Qua
713 1224 886 1272 cognitare,
903 1226 982 1266 opti-

160 1278 269 1307 mates,
290 1275 366 1308 quos
383 1278 483 1299 metus
501 1276 633 1307 ceperat,
661 1270 738 1300 nihil
760 1280 823 1299 non
843 1269 985 1299 auſurum

159 1320 229 1342 cum
244 1312 276 1340 in
290 1309 405 1340 ſummo
416 1303 593 1353 magiſtratu,
603 1310 742 1340 concordi
751 1310 783 1339 &
798 1309 984 1339 conſentien-

159 1352 191 1386 te
213 1353 348 1392 collega,
369 1354 500 1385 auctores
524 1354 631 1383 Bibulo
653 1353 773 1383 fuerunt
793 1352 1001 1383 tantumdem

159 1394 345 1436 pollicendi:
364 1403 403 1423 ac
421 1387 551 1437 plerique
571 1392 702 1433 pecunias
716 1393 918 1429 contulerunt,
940 1402 986 1422 ne

159 1439 276 1471 Catone
290 1436 410 1477 quidem
420 1430 580 1467 abnuente
602 1446 666 1466 eam
679 1436 868 1474 largitionem
880 1446 896 1465 a
907 1436 981 1474 Rep.

158 1483 232 1518 fieri.
277 1481 374 1524 Igitur
409 1492 477 1513 cum
506 1482 613 1514 Bibulo
648 1481 762 1514 Conſul
789 1490 901 1512 creatus
930 1480 983 1512 eſt.

159 1522 304 1553 Eamdem
314 1520 353 1552 ob
364 1513 488 1562 cauſſam
496 1528 583 1559 opera
597 1518 789 1560 optimatibus
804 1519 869 1551 data
882 1518 937 1559 eſt,
949 1527 985 1551 vt

159 1562 321 1611 prouinciæ
338 1570 445 1603 futuris
463 1563 542 1612 Coſſ.
547 1568 667 1600 minimi
678 1568 805 1610 negotii,
823 1569 854 1600 id
867 1569 922 1607 eſt,
936 1568 984 1602 ſil-

160 1624 218 1657 væ,
233 1614 379 1658 callesque
397 1615 630 1654 decernerentur.
676 1614 742 1656 Qua
759 1614 886 1655 maxime
901 1614 981 1646 iniu-
