2324 2952
184 472 299 520 ptor,
314 466 409 510 uter
420 441 623 500 venditor
644 450 715 494 ſit,
737 429 949 494 qvodnam
967 423 1169 480 pretium,
1189 419 1411 476 qvodnam

190 528 305 572 merx
330 520 403 566 ſit?
436 522 492 569 (3)
526 507 599 549 Res
620 499 747 538 aliena
763 482 893 540 vendi
910 487 1054 539 poteſt
1077 485 1100 524 l.
1118 492 1176 530 28.
1179 483 1229 534 ff.
1247 480 1287 519 de
1302 488 1411 522 contr.

192 590 297 632 empt.
306 584 390 632 non
407 559 634 620 permutari
657 552 744 607 Vid.
765 549 856 599 ſupr.
867 540 899 583 0.
907 549 1001 586 XIII.
1019 545 1092 599 (4)
1123 543 1185 583 Ex
1199 545 1408 594 permuta-

187 642 308 691 tione
320 638 478 685 duplex
493 635 544 677 ex
560 614 736 666 diverſis
750 611 852 648 licet
869 602 995 646 cauſis
1018 610 1143 644 datur
1158 602 1293 643 actio,
1304 603 1410 648 puta

190 719 242 746 ex
272 686 520 740 præſcriptis
552 676 693 724 verbis
712 672 756 721 &
775 658 992 721 condictio
1019 653 1137 692 cauſa
1165 654 1261 690 data
1293 645 1411 687 cauſa

195 779 274 800 non
296 755 451 802 ſecuta,
467 749 560 789 non
575 749 715 780 autem
724 747 779 773 ex
804 724 1061 768 venditione.
1091 707 1203 765 Conf.
1214 707 1410 752 Frantzk.

190 815 241 866 ad
240 813 292 871 ff.
307 812 341 862 h.
357 819 388 860 t.
405 819 441 855 n.
452 815 485 857 2.
519 791 719 845 Lauterb.
733 801 775 836 in
792 798 992 830 Comment.
1009 772 1044 810 h.
1056 779 1085 811 t.
1106 770 1190 823 theſ.
1204 783 1253 819 15.
1278 768 1411 813 Weſ.

195 886 233 903 in
251 877 367 915 parat.
382 875 415 907 h.
423 874 452 912 t.
464 882 502 909 n.
516 871 553 909 3.
566 867 604 908 &
618 850 712 907 ſeqq.

691 919 796 956 THES.
839 917 917 953 XX.

253 979 528 1034 Contractum
540 964 847 1019 innominatum
861 978 927 1009 Do,
936 962 976 1000 ut
1007 950 1009 950 des
993 960 1053 997 des
1070 947 1176 992 verò
1190 940 1310 995 qvod
1323 941 1416 981 atti-

198 1057 289 1097 net,
303 1049 412 1092 inter
437 1046 579 1081 affinia
594 1013 914 1077 permutationis
933 1013 966 1055 &
1007 1019 1095 1055 hæc
1116 1012 1266 1053 rectius
1284 995 1412 1038 refer-

201 1113 291 1156 tur,
310 1108 439 1148 qvam
459 1102 504 1139 ut
523 1099 607 1127 pro
607 1091 707 1126 uno
728 1074 879 1114 eodem
899 1061 1080 1112 articulo
1109 1060 1300 1109 habeatur
1319 1071 1413 1103 cum

204 1157 531 1214 permutatione,
551 1147 620 1190 ſeu
631 1127 754 1187 qvod
768 1128 1002 1182 Synonima
1013 1124 1144 1168 eſſent
1162 1123 1202 1165 hi
1214 1121 1300 1165 duo
1314 1131 1416 1161 con-

203 1220 381 1274 tractus,
401 1226 527 1256 prout
544 1195 694 1242 pleriq;
707 1185 979 1227 Recentiores
994 1181 1147 1224 volunt
1168 1175 1190 1232 &
1211 1177 1323 1220 inter
1333 1174 1416 1219 hos

202 1277 388 1323 Bachov.
414 1266 466 1314 ad
485 1256 653 1313 Treutl.
675 1260 702 1303 1.
720 1255 802 1287 Dec.
814 1257 871 1296 30.
891 1243 987 1292 Theſ.
1003 1247 1042 1283 6.
1059 1243 1115 1282 lit.
1135 1248 1177 1281 A.
1201 1238 1344 1280 Hahn.
1363 1237 1417 1276 ad

201 1328 415 1383 Weſenb.
425 1325 468 1372 h.
477 1332 508 1366 t.
517 1330 611 1367 num.
617 1331 676 1367 10.
684 1299 889 1347 Frantzk.
886 1297 936 1350 ff.
945 1306 1002 1339 tit.
1011 1296 1052 1335 de
1056 1298 1188 1350 præſcr.
1204 1293 1302 1334 verb.
1319 1305 1418 1333 num.

204 1393 263 1452 23.
263 1397 365 1451 24.
365 1390 402 1449 &
414 1377 488 1410 ſeq.
512 1369 701 1407 Zoëſ.
664 1369 694 1413 ff.
716 1368 751 1393 h.
767 1376 795 1395 t.
810 1373 910 1393 num.
929 1362 971 1399 4.
1004 1351 1167 1388 Peretz.
1180 1346 1218 1384 in
1237 1343 1318 1385 Cod.
1336 1340 1369 1381 h.
1390 1349 1419 1380 t.

206 1472 247 1507 n.
253 1466 302 1509 5.
312 1457 494 1501 Strauch.
519 1435 664 1491 Disſert.
679 1430 727 1477 16.
750 1426 800 1477 th.
822 1434 861 1469 4.
892 1418 934 1459 &
957 1414 1046 1459 ibid
1071 1407 1269 1457 Thomaſ.
1289 1414 1328 1449 in
1348 1414 1418 1447 not.

266 1503 369 1565 Eck.
380 1514 417 1550 in
432 1504 600 1548 Compend.
613 1480 673 1532 ff.
673 1486 694 1531 h.
717 1496 734 1536 t.
754 1474 973 1522 Wiſſenb.
989 1487 1015 1513 1.
1037 1479 1070 1526 D.
1064 1482 1137 1521 31.
1154 1468 1182 1509 0.
1200 1482 1234 1520 4.
1263 1466 1285 1508 &
1302 1462 1433 1507 multi
200 1522 253 1567 it.

207 1568 287 1619 alii.
321 1565 368 1617 A
382 1570 541 1607 qvibus
560 1554 697 1594 autem
714 1549 825 1587 rectè
840 1541 1039 1582 recedunt
1059 1540 1147 1568 non
1161 1518 1297 1581 modò
1312 1518 1423 1576 anti-

204 1630 387 1678 qviores
399 1608 589 1663 plurimi,
610 1601 680 1634 ſed
694 1598 734 1635 &
750 1595 871 1632 multi
883 1601 940 1629 ex
951 1585 1254 1630 recentioribus
1268 1594 1355 1624 non
1366 1580 1427 1621 in-

207 1685 297 1731 ſimi
318 1667 511 1723 ſubſellii
522 1660 628 1716 JCti
643 1651 864 1701 Ludwell.
874 1649 936 1705 ad
965 1649 1245 1697 Weſembec.
1276 1662 1315 1688 in
1341 1654 1415 1686 not.

209 1741 376 1792 Scotan.
392 1736 433 1787 in
453 1735 558 1764 exam.
571 1722 629 1771 tit.
645 1716 687 1763 de
702 1704 880 1756 præſcript.
900 1702 1001 1757 verb.
1014 1700 1114 1754 qveſt.
1130 1712 1163 1740 2.
1177 1693 1376 1739 Lauterb.
1388 1700 1425 1743 in

211 1795 349 1847 Comm.
354 1792 405 1852 ff.
418 1791 485 1846 h.t.
494 1777 551 1834 th.
563 1791 613 1831 18.
636 1772 876 1809 Fromman.
887 1765 981 1814 Diſp.
994 1762 1036 1798 de
1053 1770 1156 1798 contr.
1170 1761 1298 1796 nomin.
1323 1764 1344 1798 &
1368 1758 1428 1791 in-

210 1883 302 1912 nom.
312 1855 345 1901 th
357 1855 390 1903 6.
399 1829 714 1896 Schwendend.
728 1830 770 1876 in
786 1834 857 1872 not.
868 1830 919 1874 ad
932 1817 1013 1868 Eck.
1030 1815 1067 1865 ad
1077 1819 1114 1875 §.
1123 1835 1157 1871 3.
1169 1816 1366 1856 qvamvis
1378 1803 1426 1845 &

210 1915 257 1964 hi
257 1909 339 1963 ipſi
351 1918 390 1959 in
407 1896 639 1954 rationibus
655 1890 696 1928 &
711 1880 967 1927 differentiis
979 1873 1252 1930 asſignandis
1262 1870 1332 1917 non
1355 1884 1426 1926 per

211 1971 352 2030 omnia
366 1957 654 2009 conveniunt,
663 1953 721 1999 ut
721 1938 832 1998 rectè
842 1922 1135 1971 animadvertit
1152 1919 1428 1966 Lauterbach.

209 2032 246 2083 d.
262 2034 291 2079 l.
311 2016 536 2081 Qvicqvid
553 2014 688 2038 autem
708 2001 780 2040 ſit,
799 1998 940 2036 verior
959 1990 1017 2033 eſt
1037 1990 1186 2034 horum
1205 1985 1428 2032 ſententia,

214 2087 335 2140 qvod
350 2079 552 2133 probatur
563 2077 617 2117 ex
626 2061 740 2104 ſeqq.
778 2058 812 2098 (1)
821 2051 943 2102 qvod
956 2043 1140 2100 ſpecialis
1155 2044 1195 2085 &
1209 2041 1429 2098 peculiaris

215 2152 270 2193 de
289 2140 595 2187 permutatione
624 2127 662 2169 in
676 2119 727 2169 ff.
745 2113 973 2164 reperiatur
1001 2108 1169 2154 titulus,
1194 2115 1234 2143 in
1264 2114 1354 2157 qvo
1377 2114 1429 2142 ne

217 2218 379 2255 mentio
391 2191 567 2254 qvidem
586 2171 693 2229 facta
714 2165 945 2227 contractus
967 2166 1034 2207 Do
1054 2175 1097 2206 ut
1117 2160 1190 2202 des
1224 2165 1287 2212 (2)
1315 2158 1431 2213 qvod

215 2258 468 2308 permutatio
483 2245 535 2295 ſit
543 2228 783 2282 contractus
796 2229 1081 2265 innominatus
1094 2215 1347 2272 irregularis,
1364 2216 1431 2254 Do
