1571 2391
897 357 985 399 357

139 462 232 500 tatio,
254 458 335 503 quin
359 455 458 493 huius
481 454 575 492 verbi
595 463 707 489 recens
728 448 922 495 excogitati,
940 456 977 483 et

139 510 173 545 in
201 507 331 550 Synodo
351 502 534 546 Florentina
554 502 586 536 in
610 499 756 536 medium
779 498 863 533 allati
887 507 977 532 men-

139 563 266 598 tionem
288 557 431 595 feciſſent
454 555 623 602 Syropolus,
649 562 683 587 et
706 550 893 594 Gennadius,
918 549 975 586 ſeu

140 610 287 655 Georgius
314 608 505 649 Scholarius,
533 607 566 640 in
598 603 759 645 Hiſtoria,
788 600 829 634 de
859 600 976 636 eadem

138 659 338 705 conſcripta.
391 659 538 696 Eviƈtum
554 654 629 690 inde
646 654 785 700 petimus
799 658 974 696 argumen-

139 724 230 755 tum,
257 712 326 746 hoc
347 722 467 748 nomen
489 710 522 743 in
544 707 612 743 hoc
637 706 782 744 conſeſſu
803 717 820 739 a
842 703 996 739 Graecis

139 766 331 804 Latinorum
351 760 527 805 illecebris,
550 772 585 797 et
606 757 832 805 largitionibus
845 755 976 794 emolli-

139 821 181 856 tis
196 823 313 858 callide
326 817 419 856 fuiſſe
433 816 650 856 obliteratum,
675 824 736 847 nec
752 814 784 845 in
802 819 976 848 concerta-

141 873 269 907 tionem
292 871 465 917 prolatum.
517 867 629 915 Quum
652 872 761 899 autem
785 863 895 908 poſtea
910 860 977 909 ipſa

140 919 514 970 Transſubſtantiationis
544 915 702 965 perſuaſio
723 915 807 952 inter
827 914 977 950 Graecos

139 980 219 1015 eſſet
243 976 435 1019 ſtabilienda,
464 975 507 1021 in
516 971 757 1017 μετȣσιωσεως
782 965 889 1001 verbo
911 975 976 1012 po-

140 1032 301 1067 tiſſimum
319 1030 435 1074 poſita,
453 1036 579 1061 certum
601 1022 663 1065 eſt,
684 1023 767 1057 illud
790 1016 977 1055 clanculum

143 1093 162 1117 a
184 1085 317 1125 Graecis
338 1092 531 1123 Latinorum
556 1075 703 1123 partibus
724 1070 893 1120 adſcriptis
913 1070 979 1107 eſſe

140 1142 336 1179 adhibitum.
384 1138 450 1184 Sed
450 1135 641 1182 indaganda
661 1132 733 1170 ſunt
755 1132 850 1169 huius
865 1137 979 1173 μετȣ-

142 1204 290 1228 σιωσεως
309 1191 514 1228 incunabula,
535 1190 748 1233 auƈtoresque
763 1180 911 1218 eiusdem
926 1177 979 1212 di-

141 1254 260 1290 ƈtionis
278 1241 489 1296 inueſtigandi
505 1244 701 1293 diligentius.

499 1336 531 1374 §.
585 1331 627 1378 II.

143 1415 273 1453 Primus
299 1416 539 1461 μετȣσιωσεως
567 1406 737 1454 indagatur
760 1406 863 1443 auƈtor
886 1414 921 1441 et
942 1405 982 1440 de

321 1458 465 1494 Gabriele
495 1459 603 1490 Seuero
633 1444 801 1503 diſſeritur.

152 1532 251 1572 In
267 1528 407 1577 Scyllam
424 1521 653 1562 diſſenſionum
674 1523 737 1556 iam
757 1531 816 1555 nos
830 1511 983 1555 immitti-

142 1576 219 1619 mus
239 1578 382 1624 primum
399 1570 638 1623 μετȣσιωσεως
658 1571 843 1621 indagaturi
865 1570 986 1606 condi-

144 1649 265 1677 torem.
317 1634 537 1679 Romanenſes
552 1631 688 1680 quidem
704 1630 803 1667 huius
817 1628 918 1670 verbi,
942 1627 986 1663 de

144 1709 182 1733 re
200 1689 428 1736 Euchariſtica,
448 1689 541 1727 uſum
564 1686 692 1734 fingunt
715 1684 786 1722 ſatis
798 1682 985 1729 antiquum,

147 1745 206 1784 ſed
218 1742 351 1790 planum
371 1740 414 1777 eſt
429 1753 466 1776 ac
481 1747 619 1781 certum,
641 1746 756 1772 omnes
778 1735 985 1773 Graecorum

149 1796 329 1844 Liturgias,
358 1802 458 1840 atque
480 1790 705 1831 Confeſſiones
727 1788 813 1827 hanc
835 1786 987 1832 ignorare

145 1837 339 1885 diƈtionem.
391 1844 425 1878 In
446 1842 521 1878 luce
540 1840 677 1887 quidem
700 1838 748 1875 eſt
768 1835 928 1884 poſitum,
951 1841 988 1870 et

149 1916 167 1939 a
183 1902 279 1940 nobis
292 1898 385 1947 ſupra
400 1892 668 1941 demonſtratum,
683 1889 744 1944 hoc
749 1899 991 1936 μετȣσιωσεως

149 1958 287 1995 verbum
312 1956 345 1991 in
361 1950 574 1993 Confeſſione
596 1949 804 1996 Imperatoris
829 1947 994 1984 Michaelis

149 2004 334 2062 Palaeologi
355 2008 420 2046 eſſe
439 2005 667 2057 conſpicuum,
690 2003 766 2051 quis
784 2011 891 2040 autem
909 2003 991 2039 illud

562 2065 637 2111 Z3

882 2065 999 2090 exco-
