2450 2903
902 493 1010 551 1148:

1140 508 1413 548 PANDECT.
1431 511 1524 547 LIB.
1537 510 1759 551 XXXVIII.
1778 508 1881 551 TIT
1902 512 1952 550 II.

661 1693 800 1749 Quibus.
818 1711 895 1737 com-

660 1748 750 1794 petut
755 1753 816 1790 jus
816 1754 899 1795 mor-

664 1795 811 1834 tuarium.

905 588 1196 631 mortuarium
1217 598 1270 629 ex
1284 587 1456 643 antiqua
1477 589 1750 643 propriorum
1772 586 2001 630 hominum
2014 590 2158 631 condi-

906 646 1026 686 tione
1045 641 1173 688 fluat,
1193 641 1388 698 adeoque
1406 653 1501 686 ante
1515 639 1586 699 jus
1598 643 1848 686 Romanum
1870 647 1911 686 in
1922 644 2157 687 Germania

905 704 1157 754 obtinuerit,
1179 703 1309 761 prout
1321 697 1405 764 ipſe
1423 703 1573 757 innuit,
1592 703 1694 749 dum
1717 705 1754 753 §.
1767 702 1790 747 l.
1808 700 1873 748 cit.
1897 712 1975 761 cap.
1993 703 2065 750 lIl.
2085 704 2157 747 ad-

905 758 1041 802 ſtruit,
1055 753 1127 811 jus
1141 761 1427 799 mortuarium
1442 767 1535 798 cum
1549 758 1631 811 ipſa
1641 760 1919 811 agricolatione
1935 766 2093 808 natum,
2113 762 2157 801 &

905 819 1103 874 imprimis
1123 834 1144 862 a
1167 820 1377 865 Clodovei
1399 822 1429 866 I.
1460 820 1717 875 temporibus
1742 817 2036 864 deducendum
2063 821 2158 865 eſſe.

905 877 1007 925 Inde
1020 878 1253 921 Brunnem,
1272 878 1328 917 ad
1337 878 1362 917 l.
1378 890 1402 918 1.
1400 870 1457 934 ff.
1466 878 1506 918 h.
1517 888 1544 919 t.
1557 892 1594 920 n.
1604 891 1639 922 4.
1659 876 1787 920 ſimile
1796 879 1897 933 quid
1910 889 2074 920 tantum
2089 882 2158 921 hic

905 930 1169 989 deprehendi
1189 931 1340 987 aſſerit,
1360 933 1425 977 his
1443 933 1604 978 verbis:
1634 934 1761 979 Hodie
1762 935 1896 989 ſimile
1906 940 1975 992 jus
1994 941 2036 976 in
2048 938 2159 976 bonis

905 990 1129 1038 ruſticorum
1141 991 1287 1033 habent
1298 991 1340 1033 in
1352 989 1563 1033 Germania
1567 992 1783 1047 ſuperiore,
1800 1001 1909 1044 quod
1917 996 2055 1037 vocari
2055 996 2160 1048 ſolet

905 1038 1197 1099 Mortuarium,
1217 1044 1455 1105 Hauptfall
1474 1051 1570 1096 oder
1588 1048 1877 1106 Hauptrecht/
1901 1065 1980 1103 quo
1997 1056 2157 1091 domino

905 1104 975 1145 vel
982 1100 1171 1160 optimum
1181 1114 1298 1158 caput
1308 1108 1661 1160 quadrupedis,vel
1667 1112 1801 1145 melior
1811 1112 1927 1160 veſtis
1936 1116 2005 1146 vel
2013 1116 2093 1147 loco
2104 1126 2162 1145 co-

905 1177 989 1207 rum
1016 1174 1118 1206 certa
1140 1162 1313 1221 pecuniæ
1315 1163 1484 1221 ſumma
1484 1166 1666 1221 debetur,
1683 1168 1754 1221 vel
1758 1169 1798 1216 ſi
1806 1172 1961 1224 nullum
1981 1173 2161 1223 heredem

905 1223 1072 1273 habeat,
1091 1220 1140 1264 ab
1150 1223 1331 1277 inteſtato
1343 1222 1379 1264 ei
1381 1224 1593 1281 ſuccedat.
1632 1228 1819 1281 Interim.
1824 1237 1964 1280 tamen
1981 1231 2090 1268 hanc
2107 1230 2160 1268 de

905 1285 1163 1332 ſucceſſione
1183 1285 1438 1332 libertorum
1458 1284 1693 1332 doctrinam
1721 1285 1933 1345 ſæpiſſime
1950 1289 2090 1332 facere
2109 1291 2162 1331 ad

905 1335 1160 1398 quæſtiones
1185 1335 1294 1385 circa
1312 1341 1389 1396 Jus
1420 1346 1693 1389 mortuarium
1715 1353 2016 1387 occurrentes,
2041 1357 2162 1398 putat

905 1405 1090 1459 Philippi
1102 1405 1146 1445 in
1166 1398 1228 1464 Uſ.
1244 1398 1345 1462 pract.
1361 1406 1487 1459 Inſtit.
1498 1407 1565 1450 lib.
1576 1407 1649 1449 IIl.
1658 1406 1771 1458 eclog.
1779 1415 1840 1448 32.
1854 1406 1971 1459 quod
1982 1409 2189 1452 concedi-

905 1459 1056 1516 poteſt,
1067 1457 1099 1502 ſi
1112 1472 1186 1515 par
1198 1463 1359 1515 ubique
1370 1461 1475 1503 ratio
1487 1459 1833 1516 deprehenditur.
1893 1463 2008 1525 Nam
2008 1468 2058 1525 in
2063 1466 2163 1515 jure

905 1520 1142 1565 mortuario
1165 1529 1314 1564 revera
1344 1516 1511 1577 quædam
1534 1515 1753 1578 ſucceſſio
1753 1518 1884 1581 adeſt,
1899 1524 2014 1564 unde
2032 1528 2161 1565 etiam

906 1582 1053 1626 vocari
1088 1578 1322 1637 quandoque
1352 1579 1455 1628 ſolet
1473 1583 1538 1632 ein
1558 1582 1785 1639 Erbrecht/
1809 1582 1901 1634 eine
1914 1578 2177 1642 Erbſchafft.

907 1636 1088 1693 Speidel.
1124 1636 1204 1684 voce
1238 1640 1410 1690 Gewand
1432 1644 1520 1690 und
1530 1638 1675 1698 Glaͤß.

1033 1698 1071 1746 §.
1097 1698 1166 1740 IlI.
1199 1697 1415 1752 Competit
1431 1694 1514 1739 hoc
1527 1693 1599 1750 jus
1615 1695 1888 1742 mortuarium
1904 1693 2099 1749 dominis,
2115 1696 2161 1740 in

913 1762 1095 1808 quorum
1117 1761 1249 1795 nexu
1264 1748 1407 1796 ruſtici
1427 1750 1493 1795 vel
1511 1754 1677 1808 proprii
1697 1753 1897 1795 homines
1907 1758 2171 1813 decedentes

913 1798 1193 1854 peperiuntur
1216 1807 1373 1841 intuitu
1393 1807 1549 1852 glebæ,
1578 1809 1876 1852 cujuscunque
1902 1817 2160 1875 conditionis

910 1867 1092 1920 fuerint,
1118 1879 1196 1914 nec
1216 1877 1379 1913 tantum
1399 1868 1739 1925 reſtringendum
1759 1874 1810 1913 ad
1828 1875 1926 1914 eos,
1948 1877 2018 1924 qui
2030 1873 2168 1927 juris-

909 1926 1141 1970 dictionem
1154 1931 1198 1968 in
1210 1929 1283 1969 illo
1294 1928 1390 1969 loco
1401 1936 1617 1969 exercent,
1627 1931 1689 1968 uti
1702 1933 1866 1981 optime
1877 1926 2066 1973 obſervat
2075 1935 2159 1970 Dn.

908 1983 1166 2043 Harprecht.
1185 1981 1249 2027 cit.
1261 1985 1286 2028 l.
1300 1997 1326 2026 c
1337 1996 1370 2030 5.
1390 1991 1427 2037 §.
1438 1996 1473 2029 3.
1533 1986 1581 2030 Et
1598 1985 1658 2030 ſic
1677 1989 1897 2031 nonnullis
1914 1994 1954 2032 in
1967 1992 2071 2031 locis
2093 1990 2156 2029 Ec-

909 2045 1042 2093 cleſiæ
1054 2048 1275 2104 competit,
1288 2043 1410 2104 cujus
1424 2043 1558 2093 forſan
1574 2050 1617 2092 in
1628 2058 1737 2091 nexu
1750 2046 1845 2093 ſunt
1861 2058 2017 2089 ruſtici:
2048 2047 2167 2104 quin

909 2105 950 2148 &
965 2102 1186 2148 nonnullis
1209 2099 1245 2157 in
1257 2103 1363 2147 locis
1393 2104 1607 2165 generatim
1635 2104 1728 2147 olim
1750 2111 1969 2161 receptum
1986 2103 2092 2152 fuit,
2109 2116 2167 2149 ut

907 2158 1153 2203 Parochiani
1171 2155 1427 2203 decedentes
1455 2163 1665 2220 mortuarii
1696 2156 1973 2212 locoparocho
1993 2164 2165 2220 præſta-

905 2235 998 2267 rent
1036 2236 1237 2281 optimum
1278 2224 1455 2278 animal,
1500 2225 1543 2269 in
1575 2224 1952 2281 compenſationem
1986 2227 2155 2282 jurium

905 2278 1210 2332 parochialium
1244 2288 1320 2337 per
1351 2280 1635 2336 ignorantiam
1665 2289 1753 2321 non
1786 2278 2044 2333 ſolutorum,
2082 2283 2168 2324 Du

905 2332 1065 2378 Fresne
1083 2332 1127 2371 in
1136 2330 1284 2388 gloſſar.
1300 2345 1391 2375 voc.
1409 2333 1696 2377 mortuarium,
1731 2340 1870 2383 qualis
1895 2338 2015 2376 ratio
2032 2344 2157 2376 etiam

905 2411 1219 2459 nonnunquam
1244 2403 1291 2448 in
1309 2400 1506 2461 antiquis
1522 2399 1824 2462 diplomatibus
1846 2403 2032 2456 adducta:
2049 2404 2167 2448 fuit,

2024 2473 2164 2525 quam
