2776 3072
502 616 705 648 TRPORIS
705 616 771 649 IN
798 616 1064 649 RELIGIONE
1086 619 1349 646 PRÆTEXTV.

1496 618 1577 653 1033

266 708 599 742 temperamentum
626 695 770 745 aliquod
785 695 1003 732 inſinuat,ut
1020 688 1160 735 ſemper
1179 690 1273 728 inter
1300 689 1376 726 duo
1394 700 1572 729 extrema,

270 743 448 789 medium,
464 762 567 797 quod
586 751 772 789 optimum
790 748 856 786 eſſe
875 741 969 785 ſolet,
995 749 1163 778 teneatur.
1214 739 1265 778 Ita
1286 739 1571 782 elegantiſſimus

834 813 924 859 Ppp
955 821 1042 855 ppp
1064 807 1095 835 2

1476 790 1571 833 Latii

392 896 494 937 Gallos
510 898 535 935 &
550 897 650 935 Tomo
669 899 714 934 IV.
738 899 805 928 opp.
824 889 940 921 Witteb.
961 890 1004 920 ed.
1020 900 1046 922 p.
1066 897 1121 924 825
1137 880 1238 913 inſerto.
1263 887 1346 918 NIC.
1363 886 1576 917 WEDELIVS

389 941 431 981 in
431 942 535 982 libro,
559 944 596 977 de
617 942 770 975 prudentia
790 941 890 972 veteris
914 930 1032 959 eccleſiæ
1032 930 1137 959 Amſt.
1141 922 1221 961 1635
1238 925 1274 954 in
1274 926 1310 955 8.
1321 921 1413 958 edito,
1437 923 1578 954 HVLSE-

391 985 584 1016 MANNVS
584 987 626 1016 in
626 989 663 1017 tr.
681 983 715 1011 de
721 981 797 1026 Jure
808 982 835 1010 &
847 968 1037 1010 moderatioue
1059 971 1244 998 correptionis
1249 961 1402 997 fraternæ,
1415 963 1576 995 HOORN-

390 1026 561 1065 BECKIVS
575 1026 612 1057 in
630 1024 803 1064 Theologia
821 1017 949 1052 practica
957 1013 1000 1052 L.
1023 1004 1168 1043 IIl.C.X.
1191 1008 1290 1039 CASP.
1307 1006 1524 1038 ZIEGLERVS
1538 1006 1570 1035 in

390 1074 473 1107 tr.de
489 1074 633 1116 Epiſcopis
654 1066 683 1104 L.
695 1065 756 1100 IV.
772 1063 804 1103 C.
828 1066 853 1103 X.
877 1053 961 1094 SAM.
997 1044 1226 1091 POMARIVS,
1226 1048 1265 1073 in
1289 1039 1352 1068 octo
1375 1036 1570 1069 diſſertationi-

390 1111 467 1153 bus,
483 1117 528 1145 de
548 1104 748 1141 moderatione
790 1108 985 1141 Theologica
1006 1093 1239 1131 Witterbergæ
1249 1079 1413 1118 ventilatis,
1444 1080 1569 1114 HERM.

388 1152 561 1204 WITSIVS
582 1151 610 1171 in
615 1168 704 1187 orat.
721 1146 881 1189 inaugurali
901 1136 935 1174 de
957 1133 1121 1174 Theologo
1129 1127 1285 1172 modeſto,
1307 1129 1417 1171 annexa
1438 1120 1569 1157 miſcella-

391 1202 454 1233 neis
482 1195 571 1235 ſacris
571 1196 695 1235 Tomo
695 1191 749 1236 II.
772 1195 856 1223 p.904.
856 1184 1000 1224 FRID.
1000 1175 1271 1225 SPANIIEMIVS
1290 1173 1326 1205 in
1326 1173 1397 1205 orat.
1408 1171 1436 1204 de
1449 1170 1567 1205 diſſidiis

388 1238 657 1282 Theologorum,
665 1244 840 1273 corumque
853 1230 962 1271 cauſis;
981 1222 1095 1261 idem,
1095 1220 1140 1262 de
1162 1216 1311 1257 prudentia
1329 1216 1493 1255 Theologi,
1515 1224 1568 1245 nec

390 1290 470 1318 non,
484 1282 525 1318 in
545 1290 621 1320 orat.
621 1281 669 1321 de
695 1284 839 1313 degenere
863 1272 1092 1307 Chriſtianiſmo,
1116 1267 1176 1287 quæ
1199 1257 1307 1288 exſtant
1317 1260 1428 1289 Tomo
1445 1259 1478 1287 II.
1498 1265 1568 1295 opp.

391 1322 697 1365 C.X.FECHTIVS
711 1323 739 1357 in
753 1319 815 1358 diſſ.
834 1312 868 1350 de
881 1314 978 1350 ſtudia
999 1306 1175 1340 Theologiæ
1193 1298 1355 1336 polemicæ,
1376 1297 1403 1327 &
1425 1297 1568 1337 præcipue

389 1370 431 1411 in
431 1366 588 1411 apparatu
588 1365 642 1411 ad
665 1357 795 1403 epiſtolas
822 1348 1035 1385 Marbachianas
1057 1344 1081 1371 C.
1111 1336 1187 1374 VIII.
1209 1341 1392 1373 HORNIVS
1408 1351 1437 1371 in
1457 1340 1516 1373 diſſ.
1530 1339 1569 1371 de

388 1408 572 1447 beatitudine
587 1402 769 1446 pacificorum
788 1396 888 1438 Lipſiæ
902 1397 979 1433 1698.
996 1391 1088 1422 habita
1099 1384 1122 1411 &
1140 1391 1215 1419 1707.
1233 1378 1342 1421 recuſa,
1356 1382 1478 1414 Summe
1490 1385 1568 1415 Ven.

388 1450 543 1493 PRÆSES
547 1445 598 1485 in
598 1441 816 1485 programmate
833 1438 869 1471 de
884 1432 990 1470 Cand.
990 1427 1094 1471 Theol.
1112 1424 1211 1456 Celeb.
1226 1425 1364 1463 Reutero,
1378 1425 1453 1457 Ven.
1469 1426 1572 1458 MVL-

387 1491 534 1535 LERVS,
551 1482 721 1524 Præpoſitus
735 1474 957 1518 Kembergenſis
971 1474 999 1492 in
1015 1472 1075 1494 diſſ.
1093 1468 1128 1493 de
1142 1469 1269 1501 fervore,
1286 1472 1399 1504 tepore,
1416 1466 1443 1495 &
1458 1463 1568 1504 frigore

389 1533 577 1572 Theologico
596 1531 629 1566 ex
647 1527 797 1558 Apoc.III.
821 1523 901 1560 15.16.
915 1519 973 1548 ſub
979 1516 1182 1546 moderamine
1199 1507 1368 1546 Venerandi
1381 1503 1564 1544 PRÆSIDIS

389 1576 454 1611 mei
472 1575 602 1609 Wittenb.
625 1580 705 1600 1707.
724 1561 841 1600 habita
862 1560 887 1588 &
913 1560 971 1592 1721
998 1552 1032 1585 ad
1056 1550 1168 1582 preluin
1191 1550 1333 1574 revocata:
1354 1544 1567 1575 Celeberrimus

386 1610 562 1661 Jenenſium
574 1599 749 1647 Theologus
766 1593 880 1641 MICH.
896 1586 1171 1632 FOERTSCHIVS
1190 1593 1220 1621 in
1242 1599 1313 1623 orat.
1336 1590 1371 1621 de
1395 1590 1568 1623 moderatio-

385 1673 428 1695 ne
442 1662 482 1695 ia
502 1649 699 1693 controverſiis
723 1649 799 1683 Jenæ
814 1648 875 1678 1721
892 1641 917 1681 &
944 1638 993 1674 JO.
1009 1634 1154 1668 FRANC.
1169 1633 1359 1669 BVDDEVS
1376 1634 1405 1664 in
1415 1642 1513 1673 progr.
1531 1631 1568 1664 de

384 1697 570 1743 Theologiæ
585 1690 733 1736 polemicæ
754 1687 867 1725 ſtudio,
887 1679 941 1721 nec
963 1694 1026 1715 non
1045 1678 1077 1709 in
1090 1675 1261 1717 Theologia
1281 1675 1392 1707 morali.
1414 1678 1445 1709 P.
1464 1678 1515 1713 IlI.
1528 1679 1565 1711 C.

389 1743 532 1786 II.§.32.
556 1738 621 1785 ſqq.
647 1736 702 1782 JO.
715 1726 919 1764 FABRICIVS
941 1726 970 1759 in
994 1722 1054 1755 diſſ.
1069 1723 1106 1754 de
1129 1722 1282 1765 prudentia
1304 1721 1494 1762 eccleſiaſtica,
1518 1723 1570 1760 qui

388 1787 513 1826 Vedelii
527 1782 619 1817 libro,
642 1780 724 1811 ſupra
744 1785 761 1814 a
774 1786 825 1811 me
839 1781 941 1803 citato,
965 1772 1019 1798 pro
1040 1763 1113 1790 virili
1129 1760 1175 1789 ſua
1190 1759 1230 1790 eſt
1245 1757 1328 1795 uſus;
1349 1758 1444 1795 idem,
1462 1761 1492 1791 in
1507 1760 1568 1792 diſſ.

389 1825 428 1867 de
442 1822 645 1864 moderatione
656 1814 857 1855 Theologica,
868 1810 919 1842 ſub
934 1812 989 1836 qua
1007 1810 1077 1830 voce
1097 1801 1310 1832 Abſtinentiam
1333 1810 1346 1829 a
1360 1800 1566 1839 quæſtionibus

387 1867 548 1903 neceſſaciis
566 1860 759 1901 perſequitur,
780 1872 835 1892 nec
848 1870 910 1895 non
923 1855 962 1890 in
971 1845 1030 1874 diſſ.
1048 1846 1085 1875 de
1106 1844 1201 1874 Scylla
1222 1843 1423 1880 Theologica,
1440 1842 1567 1880 denique

386 1909 420 1937 in
436 1909 484 1935 diſſ.
511 1909 550 1936 de
564 1903 726 1938 Theologia
734 1893 887 1936 eclectica,
904 1891 968 1912 quæ
981 1880 1103 1912 junctim
1119 1868 1150 1903 in
1165 1875 1224 1911 ejus
1240 1875 1450 1905 amœnitatibus
1467 1876 1566 1908 Theo-

388 1946 511 1992 logicis,
528 1941 716 1983 Helmſtadri
721 1939 752 1973 in
765 1939 798 1982 4.
816 1932 916 1971 editis,
929 1920 1051 1965 reperiri.
1051 1916 1193 1965 poſſunt.
1234 1920 1358 1952 HENR.
1379 1921 1565 1953 MVHLIVS

386 2001 420 2033 in
435 1997 499 2042 diſſ.
514 1991 550 2023 de
550 1985 656 2024 ſtudio
667 1978 806 2017 æquitatis
821 1971 938 2013 tuendæ
950 1971 1033 2003 ſupra
1053 1964 1098 1993 cit.
1113 1963 1140 1994 &
1156 1962 1192 1994 de
1208 1961 1285 1996 ſectæ
1297 1963 1405 2002 ſtudio,
1428 1962 1458 1995 in
1480 1964 1566 1995 eccle-

382 2041 425 2076 ſia
435 2016 619 2074 orthodoxa,
639 2022 773 2041 vitando,
787 2019 848 2045 ejus
863 2007 1101 2039 commentationi
1118 2004 1154 2036 de
1168 2012 1220 2043 eo,
1234 2006 1317 2046 quod
1336 2006 1443 2045 juſtum
1466 2008 1520 2047 eſt,
1536 2007 1564 2038 &

380 2080 465 2121 factu
478 2077 627 2119 vitatuque
640 2065 840 2109 neceſſarium,
861 2059 932 2092 circa
955 2057 1057 2087 puram
1079 2046 1239 2078 doctirinam
1263 2047 1495 2088 cuſtodiendam,
1517 2049 1564 2080 Ki-

382 2124 439 2167 liæ
449 2120 517 2163 1716.
534 2121 575 2158 ed
579 2110 728 2154 annexis.
744 2112 802 2142 JO.
824 2099 925 2136 FRID.
940 2095 1148 2136 MAYERVS,
1165 2096 1195 2126 in
1215 2093 1275 2127 diſſ.
1299 2095 1335 2127 de
1357 2098 1472 2129 lenitate
1492 2098 1567 2130 ME-

386 2159 711 2203 LANCHTHONIS,
726 2147 783 2180 JO.
798 2138 1004 2177 CLERICVS,
1018 2140 1053 2172 in
1062 2138 1121 2172 diſſ.
1135 2137 1170 2169 de
1185 2139 1365 2178 argumento
1370 2135 1565 2180 Theologico,

382 2214 424 2247 ab
428 2210 542 2245 invidia
563 2202 666 2241 ducto,
683 2203 742 2233 nec
757 2195 821 2230 non
821 2191 866 2231 in
879 2181 938 2220 diſſ.
953 2181 1068 2214 Ethica,
1088 2185 1125 2206 an
1147 2172 1257 2216 ſemper
1269 2175 1510 2216 reſpondendum
1532 2177 1566 2209 ſit

388 2245 538 2294 calumniis
559 2228 803 2283 Theologorum,
823 2229 859 2267 ad
879 2237 947 2261 Rev.
968 2223 994 2252 &
1014 2221 1091 2255 Clar.
1110 2221 1217 2252 Virum
1238 2224 1454 2258 PHILIPPVM
1479 2226 1566 2257 LIM-

386 2289 593 2333 BVRGIVM,
605 2286 728 2331 quarum
744 2278 792 2313 illa
806 2272 866 2298 ejus
878 2267 1002 2302 Logicæ,
1014 2263 1075 2292 hæc
1086 2270 1158 2292 uero
1174 2259 1247 2291 Arti
1263 2262 1366 2292 criticæ
1380 2273 1493 2294 annexa
1516 2261 1564 2300 eſt,

388 2336 416 2376 &
441 2334 604 2377 germanice
627 2322 703 2362 verſa
729 2314 877 2353 PFAFFII
899 2307 1006 2342 ſcriptis
1029 2304 1066 2334 ad
1088 2304 1229 2333 unionem
1251 2301 1439 2343 facientibus,
1455 2302 1561 2335 eodem

382 2375 525 2421 idiomate
539 2370 621 2406 Halæ
632 2369 697 2406 1723.
711 2363 742 2396 in
756 2358 780 2405 4.
785 2357 895 2396 editis,
911 2347 1035 2385 præfixa.
1077 2346 1166 2375 Porro
1178 2346 1208 2375 in
1223 2344 1427 2382 Parrhaſianis,
1442 2356 1480 2377 ou
1495 2356 1563 2387 pen-

385 2416 446 2457 ſecs
460 2417 590 2452 diverſes
600 2412 646 2443 ſur
659 2411 709 2441 des
723 2408 856 2442 matieres
873 2402 909 2434 de
924 2396 1057 2430 Critique,
1070 2386 1242 2427 d'hiſtoire,
1250 2384 1298 2418 de
1311 2385 1419 2426 Morale
1445 2386 1475 2417 &
1475 2386 1563 2417 Poli-

387 2462 469 2501 tique
501 2467 600 2493 Tomo
623 2445 649 2483 II.
680 2443 737 2482 Art.
759 2441 782 2477 I.
807 2438 831 2480 &
858 2435 888 2476 V.
903 2433 1029 2460 denique
1049 2430 1079 2451 in
1093 2425 1162 2451 Arte
1179 2422 1282 2454 Critiea
1298 2423 1399 2452 Tomo
1417 2423 1437 2451 I.
1457 2433 1483 2465 p.
1506 2423 1565 2458 461.

385 2506 446 2544 ſqq.
464 2490 638 2536 THOMAS
650 2475 833 2522 SMITHVS
850 2475 880 2503 in
896 2472 1048 2510 henotico,
1061 2470 1116 2502 ſive
1132 2471 1167 2501 de
1183 2469 1268 2502 cauſis
1291 2469 1485 2512 remediisque
1507 2473 1561 2502 dis-

351 2533 540 2575 ſidiorum,
556 2546 621 2571 quæ
634 2532 826 2570 Chriſtianum
840 2523 941 2553 orbem
960 2511 1050 2544 hodie
1065 2510 1201 2543 affligunt,
1229 2510 1328 2543 addito
1344 2524 1404 2548 ejus
1428 2514 1564 2545 Collecta-

384 2587 448 2620 neis
471 2588 508 2620 de
530 2578 704 2611 CYRILLO
729 2560 878 2604 LVCARI
905 2550 1036 2590 Londini
1056 2556 1123 2585 1707.
1155 2549 1239 2585 editis
1261 2550 1480 2586 LAMINDVS
1501 2552 1560 2582 PRI

1396 2593 1566 2628 TANIVS.
