2435 3068
289 689 469 736 ſationen,
506 694 770 739 Relaxationen,
800 700 1006 748 Freyheiten,
1039 710 1202 747 Rechten,
1237 715 1398 758 Ordnun-

294 747 379 780 gen,
398 740 609 787 Satzungen,
635 744 904 789 Gevvonheiten,
926 754 1080 789 Gebotten
1109 767 1179 787 und
1205 775 1402 810 Verbotten,

296 787 477 838 Vellejani,
494 790 657 827 Hadriani
679 797 714 828 &
732 799 853 830 cæteris
879 804 1184 841 conſtitutionibus,
1215 824 1287 847 quæ
1315 826 1394 849 pro-

295 833 414 872 hibent
433 837 527 886 paƈta
547 841 581 873 &
608 846 873 877 renunciationes
901 849 1021 879 futuræ
1053 856 1285 890 ſucceſſionis,
1314 867 1395 893 auß-

297 886 467 934 drücklich
472 888 543 936 ſich
569 891 760 935 verziehen,
765 895 867 937 deren
888 899 956 943 ſich
986 902 1123 934 begeben
1151 912 1219 935 und
1246 916 1399 949 abgeſagt

295 933 421 977 haben,
438 937 632 986 allermaſſen
652 941 702 976 als
717 954 832 978 vvann
836 945 944 990 ſolchs
965 941 1041 982 vor
1042 948 1271 986 ordentlichem
1300 960 1398 990 Rich-

295 995 346 1021 ter
370 989 432 1023 mit
458 987 679 1028 vollbrachten
710 994 836 1029 Trauen
859 996 928 1028 und
947 997 1059 1045 Eyden
1075 1006 1251 1047 geſchehen
1277 1014 1393 1055 vvâre.

295 1034 486 1077 Derhalben
504 1034 534 1089 ſo
540 1039 618 1086 ſind
635 1042 718 1077 auch
736 1046 762 1080 I.
775 1046 812 1079 G.
832 1044 906 1080 dem
927 1051 1020 1080 allem
1040 1062 1085 1095 zu
1096 1056 1220 1101 vvider
1247 1060 1314 1101 und
1345 1072 1392 1106 zu

293 1091 444 1130 entgegen
457 1083 616 1121 nunmehr
632 1091 678 1122 im
699 1093 840 1126 Rechten
857 1097 947 1124 nicht
959 1109 1005 1128 zu
1023 1101 1138 1137 hôren,
1157 1111 1338 1156 ungeacht,
1351 1122 1391 1158 ex

293 1151 363 1186 quo
380 1142 507 1190 capite,
530 1144 608 1181 oder
635 1147 794 1184 vvelcher
817 1147 964 1200 geſtalt,
997 1153 1066 1186 und
1094 1159 1172 1203 auff
1196 1150 1296 1192 vvas
1317 1166 1397 1202 maß

291 1192 360 1226 und
380 1205 467 1244 vveg
486 1190 521 1248 I.
537 1197 564 1230 G.
586 1194 641 1231 die
654 1198 759 1247 Klage
778 1189 935 1253 angeſtalt
958 1203 1027 1237 und
1047 1204 1244 1254 fürbringen
1273 1215 1393 1260 laſſen,

290 1241 363 1289 Qui
377 1243 463 1278 enim
481 1246 686 1282 renunciavit
705 1246 882 1298 privilegio
901 1250 961 1285 ſibi
982 1253 1016 1287 in
1037 1263 1106 1299 jure
1130 1263 1297 1309 conceſſo,
1291 1262 1393 1307 præ-

290 1289 404 1328 ſertim
426 1291 448 1330 ſi
470 1291 510 1329 de
527 1307 567 1329 eo
584 1292 622 1331 ſit
644 1294 855 1341 admonitus,
877 1300 957 1333 huic
984 1308 1095 1348 poſtea
1122 1320 1190 1338 non
1220 1315 1318 1356 datur
1339 1331 1391 1358 re-

287 1339 409 1390 greſſus
431 1342 473 1382 ad
494 1343 594 1384 aliud.
645 1347 668 1381 l.
695 1359 853 1398 quæritur.
886 1354 914 1393 §.
925 1353 958 1396 ſi
981 1359 1145 1394 venditor.
1169 1363 1209 1404 ff.
1241 1365 1281 1392 de
1308 1371 1380 1396 adil.

288 1395 382 1435 ediƈt.
408 1397 468 1438 l.1.
499 1401 526 1440 §.
541 1402 601 1448 qui
609 1399 716 1448 ſemel.
733 1401 775 1452 ff.
795 1401 836 1439 de
854 1401 983 1453 ſucceſſ.
1003 1406 1096 1444 ediƈt.
1131 1410 1165 1444 C.
1187 1419 1285 1457 quam
1301 1428 1388 1459 peri-

288 1440 433 1489 culoſum.
452 1455 482 1487 7.
496 1453 563 1490 q.1.

394 1526 558 1563 Dievveil
572 1526 661 1564 dann
674 1531 702 1564 I.
712 1531 751 1566 G.
765 1530 891 1567 einmal
903 1531 964 1568 das
982 1533 1226 1585 Heyrat-Geldt
1243 1546 1388 1587 empfan-

279 1578 358 1618 gen,
369 1568 476 1606 damit
495 1576 576 1608 vvol
590 1587 638 1610 zu
644 1574 780 1621 frieden
791 1581 985 1625 gevveſen,
1002 1585 1145 1628 darauff
1159 1594 1250 1618 einen
1266 1597 1389 1630 beſtân-

290 1620 389 1668 digen
417 1623 558 1671 Verzieg
575 1624 730 1672 gethan,
761 1626 797 1671 ſo
812 1631 895 1665 vvol
922 1633 1005 1669 I.G.
1038 1634 1130 1668 Herr
1155 1646 1224 1670 und
1249 1647 1389 1689 Gemahl

287 1669 391 1718 Graff
403 1672 450 1706 N.
460 1668 624 1716 ſelbſten,
643 1672 680 1717 ſo
698 1673 829 1718 kœnnen
843 1677 926 1710 auch
943 1680 1018 1718 I.G.
1040 1692 1200 1736 nunmehr
1211 1697 1315 1728 ſolchs
1332 1699 1387 1749 be-

276 1713 558 1765 ſtândigervveiſe
572 1718 663 1755 nicht
679 1720 822 1758 vvieder
836 1721 956 1772 lauffen
972 1728 1048 1770 oder
1058 1743 1180 1778 etvvas
1187 1744 1309 1785 ferner
1328 1758 1388 1789 aus

285 1771 361 1808 I.G.
379 1771 490 1806 Herrn
508 1772 639 1806 Vatters
663 1768 920 1822 nachgelaſſener
949 1777 1135 1826 Erbſchafft
1164 1794 1287 1827 ſuchen
1318 1799 1388 1838 und

285 1816 434 1858 bitten,
474 1817 565 1865 Quia
593 1819 687 1869 quod
714 1820 813 1860 ſemel
841 1824 1053 1883 approbavi,
1094 1839 1273 1877 reprobare
1312 1856 1383 1866 non

271 1865 425 1916 poſſum.
441 1867 463 1903 l.
474 1868 657 1919 Pômponius
671 1871 800 1920 ſcribit.
815 1871 856 1921 ff.
868 1874 908 1909 de
926 1886 1033 1923 negoc.
1044 1883 1122 1925 geſt.
1174 1901 1214 1929 Et
1225 1900 1296 1939 lege
1309 1906 1387 1938 cau-

285 1925 358 1948 tum
373 1913 430 1957 eſt,
451 1914 602 1954 ſtandum
623 1917 684 1956 eſſe
712 1918 824 1968 paƈtis.
850 1920 910 1969 leg.
923 1931 1003 1955 avia
1026 1933 1059 1960 C.
1077 1934 1119 1959 de
1139 1952 1200 1977 jur.
1226 1946 1289 1987 dot.
1316 1947 1377 1990 leg.

274 1964 370 2010 final.
395 1967 428 1999 in
435 1965 496 2012 fin.
514 1967 585 2006 Cod.
602 1970 644 2005 de
659 1969 744 2018 paƈt.
772 1983 845 2007 cum
863 1973 936 2009 aliis
940 1974 1041 2020 ſimil.
1062 1987 1300 2020 concordantib.

393 2038 538 2078 Solchem
555 2044 649 2080 allem
664 2044 747 2081 nach
753 2044 895 2094 ſchlieſſe
914 2046 985 2090 ich,
1010 2049 1082 2091 daß
1095 2053 1150 2084 die
1167 2062 1381 2102 auffgerichte

280 2080 709 2139 Heyrats-Verſchreibunge
731 2091 799 2122 und
831 2096 891 2124 der
920 2095 1061 2138 darauff
1078 2108 1214 2145 erfolgte
1244 2116 1386 2159 Verzieg

281 2146 327 2171 zu
345 2133 447 2171 Recht
472 2134 605 2190 krâfftig
626 2140 696 2176 und
713 2138 905 2191 beſtândig,
953 2147 1118 2182 Sintemal
1146 2162 1207 2184 alle
1227 2163 1382 2194 Subſtan-

281 2178 494 2226 tial-Stücke,
518 2187 555 2228 ſo
578 2192 687 2222 darzu
704 2190 866 2236 gehôrig,
893 2196 963 2233 und
995 2205 1030 2237 in
1051 2201 1193 2247 Rechten
1217 2212 1380 2250 erfordert

281 2225 449 2274 vverden,
468 2235 627 2267 darinnen
644 2251 691 2271 zu
710 2240 885 2282 befinden,
923 2244 986 2271 und
1005 2245 1070 2281 daß
1094 2251 1168 2297 viel
1189 2261 1262 2305 und
1282 2263 1379 2301 vvol-

276 2278 439 2329 gemeldte
461 2285 544 2319 Frau
566 2288 742 2323 ARESCUSA
767 2290 895 2335 ſolchen
926 2303 972 2326 zu
995 2296 1097 2325 Recht
1115 2306 1286 2342 untüchtig
1310 2311 1381 2351 und

280 2322 404 2374 nichtig
427 2331 519 2364 nicht
545 2340 672 2368 vverde
700 2340 834 2370 machen
860 2341 1001 2379 kônnen,
1028 2348 1106 2371 noch
1127 2354 1197 2374 viel
1218 2361 1379 2388 vveniger

280 2378 468 2418 darvvider
485 2383 724 2435 reſtitutionem
752 2396 806 2433 vel
824 2397 1068 2436 abſolutionem
1083 2396 1101 2443 à
1119 2413 1307 2443 juramento
1325 2426 1377 2449 er-

277 2428 392 2478 langen
406 2442 542 2484 mœgen.
