2450 2902
679 1968 823 2007 Innocens
823 1968 886 2008 am-

680 2024 781 2065 plexus
806 2024 905 2062 conju-

681 2065 772 2104 gales
779 2068 908 2096 nocentis

677 2107 772 2138 vitare
777 2105 874 2138 debet.

931 641 1026 673 ram
1044 627 1249 687 ejecerat,
1280 634 1324 676 &
1338 633 1391 677 ad
1400 633 1645 680 divortium
1658 645 1827 693 egerat,
1852 641 1895 681 &
1913 639 2116 686 nondum
2138 643 2221 687 lata

930 686 1143 733 ſententia
1155 687 1355 741 divortii,
1390 691 1438 732 in
1450 691 1731 738 expeditione
1740 693 2003 741 conſtitutus
2012 689 2140 743 aliam
2152 698 2225 744 du-

928 753 1075 797 xerat,
1091 744 1166 788 ubi
1181 746 1358 803 quæſtio
1369 739 1653 803 movebatur,
1679 764 1734 793 an
1747 763 1875 808 pœna
1891 752 2154 812 polygamiæ
2175 758 2222 799 in

930 817 1033 850 eum
1051 807 1153 853 eſſet
1168 808 1424 856 ſtatuenda?
1452 811 1837 866 Exiſtimavimus,
1860 816 2025 861 cauſam
2043 818 2224 865 divortii

928 864 1054 919 prius
1071 864 1152 911 eſſe
1172 862 1509 922 diſcutiendam,
1539 878 1748 931 tanquam
1769 873 2055 928 quæſtionem
2070 872 2224 933 præju-

929 918 1145 974 dicialem,
1153 934 1238 967 qua
1246 916 1435 977 diſcuſſa,
1460 928 1480 970 &
1499 926 1694 975 divortio
1705 925 1895 980 decreto,
1906 930 2084 986 pœnam
2095 932 2222 988 poly-

929 977 1086 1032 gamiæ
1108 969 1378 1027 ordinariam
1405 984 1595 1028 omnino
1627 984 1793 1032 ceſſare.
1851 985 2072 1044 Equidem
2091 992 2139 1034 in
2157 992 2225 1034 l.8.

921 1030 1105 1087 pr.C.h.t.
1127 1031 1309 1087 dicitur,
1342 1040 1617 1080 matrimonium
1644 1031 1716 1079 non
1735 1040 1803 1091 niſi
1817 1041 1908 1096 miſſo
1936 1045 2082 1097 repudio
2114 1044 2226 1102 diſſol-

928 1091 992 1130 vi;
1017 1086 1088 1129 ſed
1096 1086 1162 1129 hæ
1170 1089 1308 1131 literæ
1317 1087 1491 1146 repudii
1502 1089 1744 1137 neceſſariæ
1755 1102 1891 1146 erant,
1900 1106 1950 1138 ut
1959 1095 2011 1139 de
2021 1096 2222 1141 volunta-

930 1159 974 1193 te
984 1150 1235 1196 innocentis
1244 1153 1481 1202 conſtaret,
1494 1154 1868 1212 quemadmodum
1882 1163 1929 1204 in
1941 1160 2051 1206 foris
2062 1165 2222 1209 noſtris

924 1210 1081 1257 itidem
1091 1211 1203 1258 actio
1212 1227 1266 1256 eo
1275 1216 1461 1260 nomine
1478 1215 1739 1264 inſtituenda
1739 1217 1816 1265 eſt.
1878 1220 2088 1269 Similiter
2110 1227 2159 1268 in
2174 1229 2222 1266 N.

922 1283 993 1317 117.
1007 1282 1037 1311 c.
1052 1281 1083 1312 8.
1096 1271 1310 1317 accuſatio
1319 1273 1516 1328 legitima
1528 1275 1881 1335 prærequiritur,
1893 1281 1935 1323 &
1947 1280 2025 1325 hac
2035 1281 2219 1327 demum

922 1323 1125 1382 probata,
1158 1327 1383 1383 integrum
1402 1328 1483 1375 eſſe
1498 1333 1660 1377 marito
1676 1333 1854 1386 dicitur,
1889 1336 2069 1380 mittere
2087 1350 2218 1382 repu-

921 1380 1068 1426 dium:
1101 1382 1171 1427 ſed
1185 1384 1333 1429 rurſus
1349 1386 1394 1430 id
1411 1384 1696 1432 neceſſarium
1712 1398 1825 1440 erat,
1847 1389 2023 1448 quando
2033 1393 2086 1437 de
2101 1383 2218 1441 adul-

920 1445 1035 1487 terio
1045 1456 1136 1487 non
1147 1445 1245 1490 ſatis
1256 1445 1499 1500 conſtabat,
1514 1446 1635 1504 quod
1643 1449 1689 1492 in
1701 1449 1910 1495 omnibus
1922 1450 2139 1511 ejusmodi
2142 1456 2215 1514 ju-

919 1500 983 1544 ris
1001 1501 1195 1546 articulis
1206 1500 1339 1547 hodie
1351 1514 1530 1560 quoque
1544 1505 1827 1554 neceſſarium
1840 1508 1917 1562 eſt,
1943 1522 2039 1566 quæ
2052 1513 2123 1567 ipſo
2125 1516 2223 1566 jure

917 1552 1015 1598 fieri
1031 1553 1253 1600 dicuntur.
1307 1560 1377 1601 Ex
1395 1558 1477 1602 hac
1500 1561 1803 1607 obſervatione
1825 1574 2004 1619 auoque
2030 1564 2115 1610 hoc
2130 1557 2221 1611 flu-

915 1611 979 1663 it,
1012 1611 1224 1655 maritum
1250 1611 1493 1660 adulteram
1522 1616 1794 1665 manifeſtam
1813 1608 1967 1677 ejicere
1983 1619 2121 1681 poſſe,
2153 1618 2221 1669 et-

919 1672 1011 1715 iam
1011 1678 1118 1717 ante
1130 1669 1392 1731 ſententiam
1392 1672 1664 1734 judicialem,
1676 1677 1761 1725 hoc
1770 1678 1952 1734 effectu,
1977 1687 2034 1725 ut
2034 1684 2075 1726 ei
2087 1684 2214 1730 coha-

919 1731 1056 1777 bitare
1078 1745 1171 1776 non
1196 1742 1419 1792 teneatur;
1446 1736 1631 1782 Interim
1651 1749 1800 1784 tamen
1829 1740 2035 1787 alimenta
2059 1746 2103 1790 &
2124 1747 2212 1792 litis

918 1792 1089 1837 ſumtus
1099 1790 1238 1838 adhuc
1247 1795 1287 1838 ei
1296 1793 1570 1854 ſuppeditare
1577 1801 1776 1853 tenetur,
1799 1808 2033 1858 antequam
2043 1802 2217 1851 ſenten-

924 1847 983 1889 tia
1004 1845 1186 1890 divortii
1203 1848 1478 1900 decernatur,
1497 1844 1634 1908 prout
1650 1852 1740 1899 dixi
1756 1857 1803 1898 in
1820 1868 1869 1897 tr.
1883 1856 1922 1895 de
1935 1858 2066 1900 action.
2082 1856 2210 1914 inveſt.

911 1908 1000 1962 ſect.
1017 1923 1043 1948 1.
1061 1923 1109 1950 m.
1120 1923 1148 1951 2.
1168 1914 1201 1953 §.
1207 1918 1262 1955 36.
1289 1908 1334 1953 id
1356 1908 1476 1969 quod
1492 1914 1654 1958 marito
1674 1910 1923 1972 injungitur
1945 1930 2024 1976 per
2039 1920 2207 1966 ſenten-

924 1956 1030 1997 tiam
1047 1955 1398 2016 proviſionalem.
1459 1962 1554 2003 Imo
1577 1967 1653 2018 qui
1671 1964 1722 2004 ad
1739 1966 1983 2009 divortium
2001 1980 2129 2023 agere
2145 1974 2210 2009 in-

924 2019 1085 2075 tendit,
1113 2024 1302 2067 omnino
1313 2026 1453 2071 vitare
1465 2026 1591 2071 debet
1608 2027 1836 2086 amplexus
1845 2034 2047 2076 nocentis
2059 2031 2208 2089 conju-

921 2081 1064 2140 gales,
1113 2096 1170 2127 ne
1181 2083 1384 2131 videatur
1400 2085 1604 2134 remiſiſſe
1616 2087 1824 2146 injuriam
1834 2092 1909 2137 ſibi
1921 2092 2106 2149 illatam,
2168 2094 2210 2137 &

919 2139 1655 2202 matrimonium,
1289 2138 1356 2203 ipſo
1371 2138 1443 2193 jure
1459 2144 1647 2202 ſolutum,
1664 2147 1983 2206 redintegraſſe.
2014 2157 2210 2200 Brunne-

921 2207 1069 2239 mann.
1090 2199 1133 2238 de
1145 2201 1228 2247 jure
1245 2200 1321 2242 eccl.
1338 2199 1400 2244 lib.
1410 2217 1440 2242 2.
1465 2216 1493 2242 c.
1508 2214 1564 2244 17.
1585 2207 1622 2251 §.
1633 2216 1712 2245 20.
1744 2203 1874 2259 Quod
1892 2216 2038 2252 tamen
2064 2210 2208 2256 diſtin-

915 2247 1057 2303 ctione
1075 2268 1267 2293 indiget,
1292 2259 1429 2299 prout
1447 2234 1618 2302 optime
1634 2262 1861 2305 proviſum
1880 2260 1939 2294 eſt
1953 2262 1999 2295 in
2018 2264 2093 2315 ord.'
2117 2266 2208 2310 prov.

920 2313 1038 2361 Boruſſ.
1049 2315 1158 2355 lib.
1115 2309 1154 2362 II.
1171 2315 1269 2356 tit.
1240 2319 1273 2359 4.
1286 2326 1386 2357 art.
1364 2311 1403 2366 1.
1419 2317 1434 2354 §.
1456 2310 1517 2365 2.
1528 2318 1596 2368 Jn
1626 2315 1772 2373 dieſem
1795 2320 1884 2373 Fall
1916 2324 2074 2367 wollen
2108 2323 2209 2368 wir,

919 2362 1003 2414 daß
1016 2366 1083 2404 ein
1099 2361 1357 2417 Unterſcheid
1368 2377 1415 2411 zu
1427 2366 1595 2411 machen
1606 2365 1684 2423 ſey,
1705 2372 1759 2414 ob
1771 2374 1839 2416 der
1850 2371 2073 2423 Ehebruch
2086 2372 2210 2427 offen⸗

916 2415 992 2458 bar
1014 2417 1100 2458 und
1122 2418 1229 2468 ohne
1253 2416 1613 2474 Weitſaͤuftigkeit
1631 2424 1706 2466 kan
1725 2418 1999 2479 ausgefuͤhret
2018 2430 2208 2471 werden:

913 2462 1087 2508 alsdenn
1103 2464 1151 2516 iſt
1160 2466 1237 2512 der
1237 2466 1384 2514 Mann
1401 2465 1667 2521 berechtiget,
1698 2471 1764 2512 die
1790 2460 1895 2524 Frau
1914 2472 2205 2528 auszuſtoſſen,
