2316 2805
535 570 604 611 DE
628 566 886 613 PECCATO
921 572 980 607 IN
1010 574 1259 614 SPIRITVM
1286 577 1321 614 S.

1500 584 1538 615 19

321 646 530 700 perhibet,
545 642 652 699 ipſos
657 645 813 695 ſedere
808 649 842 693 in
856 648 1026 690 cathedra
1035 649 1218 701 Moſis,
1193 644 1216 703 &
1233 652 1420 706 quidquid
1430 669 1474 694 ex
1483 654 1532 696 le-

319 716 368 748 ge
387 704 545 745 Moſaica
550 705 774 747 proponant,
787 699 1013 750 ſeruandum
1029 701 1102 754 eſſe.

429 772 465 808 5.
490 754 598 799 Hæc
623 768 727 802 vero
751 768 849 802 cum
873 757 921 802 ſit
945 758 1050 804 ratio
1076 762 1237 816 peccati
1258 763 1303 807 in
1328 764 1530 822 Spiritum

322 810 540 860 Sanctum,
569 811 662 869 quis
678 812 909 865 dubitaret,
933 816 1033 861 illud
1055 816 1190 861 multo
1213 821 1423 868 committi
1449 823 1528 868 fre-

288 868 536 923 quentius,
559 879 684 923 quam
707 867 835 925 vulgo
859 873 993 925 putari
1017 872 1136 926 ſolet;
1165 876 1204 918 &
1219 873 1269 918 ab
1286 876 1335 917 iis
1354 878 1525 934 quidem

319 924 520 973 maxime,
549 926 622 981 qui
637 926 724 970 hæc
739 925 826 985 ipſa
836 930 965 974 delicta
987 929 1053 975 ſua
1069 933 1241 975 bonorum
1254 943 1400 983 operum
1422 936 1523 980 loco

288 980 464 1029 haberi
482 982 655 1025 volunt?
685 982 741 1025 Et
761 982 952 1039 quamuis
968 983 1088 1027 multi
1103 999 1154 1029 ex
1171 984 1279 1030 hiſce
1293 990 1523 1043 peccatori-

320 1036 400 1077 bus
417 1039 468 1078 ad
486 1047 633 1079 necem
648 1047 779 1091 vsque
794 1037 981 1083 aduerſus
1003 1040 1244 1086 innocentes
1260 1042 1371 1085 haud
1388 1042 1519 1100 depu-

319 1104 469 1144 gnent;
495 1102 713 1146 peccatum
729 1089 868 1137 tamen
884 1094 989 1139 iſtud
1005 1108 1122 1139 atrox
1130 1097 1305 1140 omnino
1321 1102 1518 1147 commit-

316 1160 437 1197 tunt;
463 1158 613 1203 vtpote
635 1149 751 1206 quod
768 1148 849 1196 ſola
866 1151 1133 1199 inſectatione
1149 1156 1188 1197 &
1204 1154 1515 1207 criminatione,

287 1210 526 1260 præcipue
534 1205 623 1254 tali,
649 1217 710 1249 qua
721 1203 811 1263 aliis
815 1201 881 1251 via
889 1207 944 1252 ad
949 1207 1257 1256 conuerſionem
1265 1210 1516 1262 obſtruitur,

319 1265 553 1316 committi,
563 1279 586 1308 e
600 1255 717 1312 dictis
725 1266 837 1312 haud
850 1268 987 1326 poteſt
995 1269 1072 1316 eſſe
1079 1269 1311 1317 obſcurum
1369 1272 1516 1331 Quid?

291 1323 435 1375 quod
441 1321 581 1364 multis
595 1320 648 1365 ad
658 1319 821 1366 vincula
829 1325 868 1368 &
877 1322 1006 1369 cædes
1020 1337 1151 1383 vsque
1159 1324 1322 1372 furendi
1331 1340 1417 1373 non
1426 1339 1513 1373 tam

290 1379 508 1418 voluntas
524 1376 650 1424 deſit,
660 1389 784 1435 quam
794 1376 986 1430 facultas;
1013 1379 1203 1438 inprimis
1223 1383 1267 1426 in
1282 1381 1448 1430 eccleſia
1468 1400 1513 1431 e-

287 1433 548 1488 uangelica,
572 1433 637 1489 in
637 1431 737 1495 qua
751 1433 1081 1493 turbulentorum
1108 1438 1348 1493 hominum,
1368 1441 1510 1499 quales

310 1487 552 1537 hæretifices
570 1481 642 1539 eſſe
660 1484 804 1546 videas,
826 1489 1113 1553 intemperies,
1134 1493 1187 1559 ab
1209 1494 1508 1556 imperantibus

284 1541 367 1587 eſt
376 1540 612 1598 circumciſa
635 1546 655 1591 &
672 1543 797 1591 valde
801 1539 1015 1593 limitata.

663 1617 1003 1656 PROPOSITIO
1023 1620 1122 1657 XI.

287 1657 560 1721 Peccatum
581 1662 629 1716 in
649 1648 841 1734 Spiritum
869 1651 1075 1720 Sanctum
1090 1666 1297 1719 maxime
1311 1665 1498 1738 quidem

415 1727 520 1784 com
542 1720 699 1796 miſſum
723 1718 810 1793 fuit
819 1730 1107 1803 temporibus
1115 1728 1291 1793 Chriſti
1317 1746 1342 1794 &
1359 1743 1499 1810 Apo-

414 1792 664 1849 ſtolorum;
694 1801 741 1842 at
768 1783 1055 1861 nequaquam
1071 1802 1227 1848 tamen
1245 1796 1305 1851 ad
1323 1798 1403 1853 iſta
1421 1816 1500 1852 re-

412 1861 731 1930 ſtringendum
756 1860 846 1928 eſt;
887 1860 963 1919 ſed
988 1862 1075 1919 fuit
1101 1877 1156 1922 ac
1196 1865 1260 1920 eſt
1284 1868 1499 1926 omnium

407 1943 660 2002 temporum
686 1929 861 2000 veteris
884 1945 942 1992 ac
955 1931 1069 1984 noui
1085 1931 1356 1991 teſtamenti.

640 2012 1147 2068 DEMONSTRATIO.

407 2069 435 2098 1.
464 2036 747 2107 Reſtrictionis
770 2060 880 2099 iſtius
889 2058 1054 2098 nullum
1135 2061 1161 2065 exſtat
1081 2065 1207 2102 exſtat
1222 2067 1437 2117 veſtigium
1453 2073 1498 2105 in

300 2127 408 2167 locis
423 2128 476 2165 de
497 2127 569 2184 hoc
585 2131 746 2180 peccato
774 2122 890 2170 ſupra
905 2122 1089 2172 diſſertat.
1098 2126 1128 2171 I.
1144 2129 1375 2187 productis:
1390 2140 1432 2189 ex
1448 2132 1498 2176 il-

300 2189 352 2222 lis
368 2185 511 2234 potius
519 2177 775 2227 manifeſtum
783 2168 853 2234 eſt,
861 2177 1086 2235 Chriſtum,
1094 2183 1310 2231 occaſione
1318 2197 1340 2227 a
1346 2197 1494 2244 pecca-

299 2250 349 2284 to
363 2235 652 2289 Phariſæorum
664 2230 814 2291 ſumta,
827 2238 879 2286 de
895 2239 979 2288 hoc
993 2241 1084 2287 ipſo
1099 2244 1251 2291 delicto
1265 2249 1491 2302 generatim

286 2302 425 2362 loqui.

996 2302 1081 2357 C2

1333 2325 1365 2353 2.
1390 2310 1488 2353 Nec
