1953 2703
314 358 381 392 loci
407 366 568 397 MDCLVI.
589 368 644 394 12.
678 359 796 405 gallice
826 368 1041 400 MDCXXXIX.
1070 373 1106 406 4.
1157 365 1320 401 Eiusdem
1343 371 1443 403 exſtat

297 406 401 447 liber
423 406 463 440 de
477 404 581 454 cauſſis
600 416 783 456 errorum,
792 411 856 442 vna
875 420 945 443 cum
969 419 1114 445 tractatu
1138 415 1176 443 de
1197 416 1346 460 religione
1364 420 1442 449 Iaici

314 464 347 488 et
365 453 536 503 adpendice
562 456 607 491 ad
623 453 827 505 ſacerdotes,
847 459 907 505 qui
933 470 1008 492 cum
1037 471 1226 495 memorato
1253 468 1378 510 ſcripto
1403 470 1443 499 de

312 517 474 555 veritate,
494 520 665 558 tamquam
690 512 861 560 poſterior
889 513 981 550 illius
1006 525 1102 562 pars,
1128 520 1339 551 coniunctim
1364 531 1441 565 pro-

313 560 398 605 diit,
420 559 574 595 Londin.
588 568 762 599 MDCXLV.
778 571 813 607 4.
845 568 1003 600 MDCLVI.
1024 573 1074 599 12.
1107 565 1175 600 ſine
1196 569 1326 602 indicio
1355 572 1440 614 loci,

311 619 349 641 ac
371 607 412 642 de
432 607 586 655 religione
596 610 768 656 gentilium
790 622 999 660 errorumque
1015 615 1100 658 apud
1114 627 1163 647 eos
1187 619 1313 661 cauſſis,
1345 623 1441 650 cuius

310 659 429 705 operis
457 670 568 707 prima
594 673 671 709 pars
698 663 809 700 lucem
848 664 934 701 vidit
966 666 1112 701 Londin.
1141 676 1312 705 MDCXLV.
1338 677 1368 708 8.
1407 683 1442 704 et

312 710 501 748 Amſtelod.
518 718 679 750 MDCLVI.
696 721 731 757 4.
764 712 938 760 integrum
961 727 1072 750 autem
1096 717 1180 751 illud
1205 724 1285 756 exiit
1309 723 1442 756 Amſte-

310 763 382 800 lod.
404 771 593 802 MDCLXIII.
615 775 650 810 4.
697 763 824 802 ibidem
847 776 971 804 MDCC.
1005 773 1035 807 8.
1074 780 1151 802 cura
1176 771 1270 817 Iſaac.
1297 773 1383 820 Voſſii
1407 785 1440 810 et

311 812 444 857 anglice
463 814 610 854 Londin.
628 823 819 859 MDCCVIII.
840 821 873 857 8.
927 819 1012 865 Quæ
1040 821 1103 853 iam
1130 831 1280 854 enarrata
1307 824 1440 866 ingenii

313 863 528 898 monimenta
557 863 752 902 luculenter
786 866 967 913 teſtantur,
997 868 1212 905 Herbertum
1245 875 1439 919 principem

312 910 375 947 eſſe
396 910 678 951 naturaliſtarum.
732 917 863 962 Aperte
884 927 920 950 ea
941 919 1062 956 ſtatuit,
1085 930 1157 964 quæ
1176 924 1215 952 ad
1234 926 1439 967 ſcripturam

314 961 436 997 ſacram
456 974 492 996 ac
510 961 715 1009 religionem
736 965 948 1001 chriſtianam
976 972 1213 1007 euertendam;
1240 976 1279 1003 ad
1303 988 1439 1006 natura-

313 1014 380 1051 lem
402 1026 484 1052 vero
511 1015 608 1051 vnice
634 1015 859 1054 ſuſtinendam
881 1028 1069 1065 comparata
1104 1022 1199 1066 ſunt,
1237 1027 1436 1058 conſenſum

312 1063 472 1102 videlicet
494 1064 716 1103 vniuerſalem
741 1070 777 1102 in
808 1068 910 1105 rebus
942 1071 1127 1106 neceſlariis
1156 1075 1260 1108 ſolam
1294 1078 1358 1109 eſſe
1380 1090 1437 1110 ve-

310 1115 419 1152 ritatis
443 1127 620 1152 normam:
656 1116 823 1167 quidquid
849 1129 960 1167 neque
987 1132 1050 1168 per
1076 1124 1274 1157 inſtinctum
1303 1139 1435 1160 natura-

309 1165 399 1213 lem,
422 1165 551 1202 ſenſum
571 1170 765 1212 internum,
794 1168 925 1205 ſenſum
948 1181 1147 1207 externum;
1178 1188 1291 1218 neque
1307 1180 1436 1210 diſcur-

311 1216 384 1253 ſum
401 1215 599 1261 innoteſcat,
629 1228 799 1266 tamquam
822 1230 960 1263 verum,
984 1226 1127 1268 proprie
1157 1228 1306 1263 dictum,
1338 1232 1435 1262 nullo

309 1265 414 1302 modo
435 1266 647 1315 probandum
672 1268 751 1307 eſſe:
788 1270 830 1305 de
854 1275 1065 1307 reuelatione
1100 1280 1274 1308 neminem
1302 1292 1434 1311 certum

309 1316 372 1354 eſſe
397 1317 504 1368 poſſe,
537 1320 597 1356 niſi
630 1322 684 1360 cui
712 1333 748 1356 ea
781 1320 864 1358 facta
891 1322 930 1361 ſit
952 1324 1163 1364 immediate,
1198 1340 1233 1358 et
1259 1340 1333 1373 quæ
1356 1333 1435 1363 ſunt

308 1373 363 1409 his
381 1370 498 1408 ſimilia
515 1373 587 1409 alia.
642 1373 754 1422 Quam
772 1372 973 1422 præſcribit,
992 1377 1089 1423 ratio,
1115 1388 1275 1413 æternam
1293 1381 1433 1416 ſalutem

308 1418 558 1469 conſequendi,
579 1423 615 1456 in
638 1428 735 1459 cultu
751 1422 871 1459 diuino
893 1428 1053 1473 ponitur,
1069 1430 1113 1461 ita
1133 1429 1368 1475 inſtituendo,
1397 1446 1434 1464 vt

309 1471 387 1517 quis
411 1470 593 1508 virtutibus
625 1483 763 1521 operam
793 1473 850 1509 det
884 1484 1032 1522 eumque
1060 1479 1225 1511 malarum
1256 1486 1432 1515 actionum

306 1522 520 1569 pœniteat:*

387 1584 620 1610 FRANCISCI
653 1588 805 1613 PVCCII
830 1577 968 1623 adſertio
984 1577 1135 1615 catholica
1152 1579 1191 1615 de
1206 1580 1316 1627 chriſti
1320 1581 1432 1631 ſerua-

307 1623 390 1656 toris
411 1620 595 1670 efficacitate
618 1625 654 1658 in
681 1624 822 1661 omnibus
848 1634 880 1658 et
898 1627 1035 1673 ſingulis
1060 1630 1252 1674 hominibus,
1273 1645 1431 1677 quatenus

306 1674 446 1711 homines
465 1672 567 1723 ſunt,
594 1676 708 1714 Goud.
735 1684 883 1715 MDXCII.
906 1684 941 1717 8.
989 1689 1054 1726 qua
1075 1680 1247 1724 adfirmat,
1268 1687 1431 1718 mortales

1388 1750 1428 1786 ad

295 1806 312 1825 *
326 1804 410 1845 plura
425 1805 461 1835 de
477 1806 620 1837 Herberto
638 1807 760 1846 eiusque
776 1809 943 1839 memoratis
961 1810 1070 1849 ſcriptis
1091 1812 1294 1850 ſuppeditant:
1319 1823 1429 1843 GRVN-

370 1858 523 1879 DICHIVS
544 1849 576 1879 in
601 1848 651 1880 den
664 1850 829 1892 geſchichten
848 1852 897 1883 der
913 1852 1025 1894 deiſten,
1042 1854 1197 1892 ſonderlich
1215 1857 1260 1885 des
1277 1858 1427 1894 Cherbury,

365 1886 494 1917 Cothen.
521 1896 761 1918 MDCCXLVIII.
791 1897 895 1919 WOOD
917 1893 1016 1922 Athen.
1037 1898 1175 1930 oxonienſ.
1192 1898 1243 1922 vol.
1261 1904 1298 1921 11.
1313 1906 1340 1930 p.
1361 1908 1426 1928 117.

368 1933 596 1970 NICERONIVS
612 1931 731 1971 memoir.
745 1937 810 1974 tom.
807 1938 967 1975 XVIII.p.
979 1939 1046 1976 178.
1052 1946 1358 1969 POPEBLOVNTIVS
1371 1952 1431 1970 cen-

359 1971 423 2010 ſur.
435 1971 527 2004 celebr.
533 1981 638 2003 auctor.
647 1975 751 2011 p.996.
766 1983 985 2009 KORTHOLTVS
997 1978 1034 2007 de
1052 1980 1140 2007 tribus
1159 1981 1311 2021 impoſtorib.
1333 1992 1429 2022 magnis,

359 2012 473 2051 ſection.
489 2022 511 2043 1.
521 2023 547 2051 P.
561 2025 588 2048 4.
601 2022 848 2047 REIMMANNVS
866 2019 979 2059 catalog.
989 2019 1110 2050 biblioth.
1124 2021 1238 2059 theolog.
1253 2031 1282 2058 p.
1297 2031 1383 2055 1033.
1398 2034 1428 2052 et

364 2052 459 2093 hiſtor.
483 2054 604 2092 atheiſmi
621 2063 649 2093 p.
670 2063 740 2090 441.
773 2066 951 2088 MASCHIVS
978 2064 1010 2088 in
1032 2062 1090 2088 dem
1114 2066 1276 2091 verzeichnis
1291 2068 1340 2090 der
1348 2068 1426 2102 frei-

365 2097 548 2138 geiſteriſchen
557 2098 707 2139 ſchriften,
726 2100 827 2133 addito
844 2100 975 2133 eiusdem
990 2103 1103 2142 beſchlus
1120 2106 1168 2134 der
1185 2106 1357 2146 abhandlung
1375 2117 1429 2136 von

364 2139 415 2170 der
428 2139 541 2182 religion
565 2142 615 2171 der
630 2141 722 2172 heiden
738 2143 794 2173 vnd
817 2143 947 2182 chriſten,
972 2152 1000 2181 p.
1020 2153 1070 2181 79.
1097 2154 1261 2175 BVDDEVS
1285 2150 1374 2185 theſib.
1397 2153 1430 2179 de

364 2178 486 2218 atheiſm.
505 2190 532 2209 et
546 2180 731 2222 ſuperſtition.
748 2188 804 2220 cap.
823 2191 847 2210 1.
871 2191 901 2220 p.
913 2189 987 2219 182.
1013 2190 1054 2214 die
1076 2187 1212 2224 unſchuld.
1237 2192 1429 2231 nachrichten,

366 2229 454 2257 1702.
479 2232 508 2263 p.
529 2231 597 2258 901.
635 2232 864 2256 FREYTAGIVS
892 2230 925 2256 in
949 2227 1075 2258 analectis
1100 2231 1130 2257 de
1152 2231 1226 2260 libris
1246 2234 1378 2260 rariorib.
1399 2242 1429 2269 p.

362 2270 433 2301 238.
463 2268 756 2300 LILIENTHALIVS
784 2270 816 2300 in
836 2271 885 2301 der
908 2267 1024 2304 theolog.
1040 2271 1159 2304 biblioth.
1177 2280 1241 2302 tom.
1261 2280 1285 2300 1.
1308 2281 1335 2309 p.
1355 2282 1428 2308 215.

368 2312 555 2335 LELANDVS
572 2306 604 2335 in
617 2304 676 2336 dem
690 2305 765 2337 abris
780 2309 829 2338 der
842 2302 1027 2349 vornehmſten
1041 2312 1192 2348 deiſtiſchen
1200 2314 1342 2350 ſchriften
1347 2323 1425 2353 part.

369 2353 393 2375 1.
407 2355 438 2386 p.
461 2353 484 2377 1.
503 2344 567 2388 ſqq.
583 2355 686 2380 auctor
702 2348 746 2379 des
762 2347 997 2392 vnpartheyiſchen
1011 2352 1192 2385 bibliothecar.
1213 2362 1237 2391 p.
1245 2362 1315 2393 987.
