<?xml version='1.0' encoding='utf-8'?>
<PcGts xmlns="http://schema.primaresearch.org/PAGE/gts/pagecontent/2019-07-15" xmlns:xsi="http://www.w3.org/2001/XMLSchema-instance" pcGtsId="PAGE_01" xsi:schemaLocation="http://schema.primaresearch.org/PAGE/gts/pagecontent/2019-07-15 http://schema.primaresearch.org/PAGE/gts/pagecontent/2019-07-15/pagecontent.xsd">
  <Metadata>
    <Creator>OCR-D DFG Phase III</Creator>
    <Created>2024-01-19T13:07:34Z</Created>
    <LastChange>2024-01-19T13:07:34Z</LastChange>
    <Comments>ODEM: OCR-D extension for mass digitization (2021-2024)</Comments>
  </Metadata>
  <Page imageFilename="urn+nbn+de+gbv+3+1-170593-p0005-2_lat.jpg" imageWidth="2118" imageHeight="2529" type="content" primaryLanguage="Latin">
    <Border>
      <Coords points="248,274 1785,274 1785,2264 248,2264"/>
    </Border>
    <ReadingOrder>
      <OrderedGroup id="ro_1682585687896" caption="Regions reading order">
        <RegionRefIndexed index="0" regionRef="region_1682585589294_81"/>
        <RegionRefIndexed index="2" regionRef="TextRegion_1666250493862_317"/>
        <RegionRefIndexed index="3" regionRef="region0005"/>
        <RegionRefIndexed index="4" regionRef="TextRegion_1666250528786_355"/>
        <RegionRefIndexed index="5" regionRef="TextRegion_1666250509973_324"/>
        <RegionRefIndexed index="6" regionRef="TextRegion_1666250520977_329"/>
        <RegionRefIndexed index="7" regionRef="region_1682585613072_94"/>
        <RegionRefIndexed index="8" regionRef="region_1682585617371_103"/>
      </OrderedGroup>
    </ReadingOrder>
    <TextRegion type="page-number" id="region_1682585589294_81" custom="readingOrder {index:0;} structure {type:page-number;}">
      <Coords points="1524,292 1524,333 1559,333 1559,292"/>
      <TextLine id="line_1682585589469_84" custom="readingOrder {index:0;}">
        <Coords points="1524,292 1524,333 1559,333 1559,292"/>
        <Word id="word_1682585589571_87" custom="readingOrder {index:0;}">
          <Coords points="1524,292 1559,292 1559,333 1524,333"/>
          <TextEquiv>
            <Unicode>5</Unicode>
          </TextEquiv>
        </Word>
        <TextEquiv>
          <Unicode>5</Unicode>
        </TextEquiv>
      </TextLine>
      <TextEquiv>
        <Unicode>5</Unicode>
      </TextEquiv>
    </TextRegion>
    <GraphicRegion id="Graphic_1682585582248_78" custom="readingOrder {index:1;}">
      <Coords points="734,278 1094,278 1094,344 734,344"/>
    </GraphicRegion>
    <TextRegion orientation="-0.18941337" readingDirection="left-to-right" id="TextRegion_1666250493862_317" custom="readingOrder {index:2;}">
      <Coords points="255,364 1558,364 1558,712 1550,1467 253,1467 253,942"/>
      <TextLine id="region0001_line0001" custom="readingOrder {index:0;}">
        <Coords points="581,364 567,365 565,373 545,372 541,365 516,365 509,372 480,373 419,373 415,364 399,364 394,373 387,373 380,365 368,364 361,373 353,373 349,366 337,364 331,368 327,365 313,365 306,374 303,374 295,366 286,366 281,368 275,377 256,379 256,420 469,415 488,416 493,426 507,429 518,426 522,418 599,418 621,419 629,423 641,420 663,421 675,429 683,429 693,421 814,416 966,419 968,424 975,427 984,425 988,419 1136,425 1145,433 1170,430 1181,424 1194,423 1206,418 1283,419 1305,422 1317,427 1335,422 1373,421 1379,418 1438,420 1446,416 1463,419 1471,417 1477,422 1493,420 1516,423 1528,427 1558,424 1558,376 1487,375 1481,369 1473,369 1466,375 1423,375 1383,366 1364,366 1338,368 1319,376 1286,377 1279,367 1259,366 1250,369 1246,378 1212,380 1210,372 1202,366 1186,368 1175,378 1158,377 1150,367 1141,367 1135,373 1129,369 1111,369 1104,376 1086,377 1078,368 1064,371 1057,366 1043,368 1039,376 926,376 918,368 909,368 903,374 892,376 887,365 871,365 866,369 865,375 861,376 789,374 785,364 767,364 763,374 724,374 719,373 713,364 693,364 686,371 652,371 648,364 630,364 626,372 593,373 589,364"/>
        <Baseline points="256,410 884,407 1155,415 1464,406 1558,411"/>
        <Word id="region0001_line0001_word0000" custom="readingOrder {index:0;} textStyle {offset:0; length:6;italic:true; fontSize:0.0; kerning:0;}">
          <Coords points="277,374 275,377 267,377 267,413 378,413 378,374 306,374 303,374"/>
          <TextEquiv>
            <Unicode>debiti</Unicode>
          </TextEquiv>
        </Word>
        <Word id="region0001_line0001_word0001" custom="readingOrder {index:1;} textStyle {offset:0; length:2;italic:true; fontSize:0.0; kerning:0;}">
          <Coords points="398,373 435,373 435,409 398,409"/>
          <TextEquiv conf="0.9017214">
            <Unicode>in</Unicode>
          </TextEquiv>
        </Word>
        <Word id="region0001_line0001_word0002" custom="readingOrder {index:2;} textStyle {offset:0; length:7;italic:true; fontSize:0.0; kerning:0;}">
          <Coords points="510,371 509,372 480,373 449,373 449,415 469,415 488,416 491,422 520,422 522,418 599,418 601,418 601,373 593,373 593,372 565,372 565,373 545,372 545,372"/>
          <TextEquiv>
            <Unicode>maſculo</Unicode>
          </TextEquiv>
        </Word>
        <Word id="region0001_line0001_word0003" custom="readingOrder {index:3;} textStyle {offset:0; length:1;italic:true; fontSize:0.0; kerning:0;}">
          <Coords points="636,373 657,373 657,417 636,417"/>
          <TextEquiv conf="0.8015456">
            <Unicode>&amp;</Unicode>
          </TextEquiv>
        </Word>
        <Word id="region0001_line0001_word0004" custom="readingOrder {index:4;} textStyle {offset:0; length:6;italic:true; fontSize:0.0; kerning:0;}">
          <Coords points="671,372 671,423 690,423 693,421 814,416 830,416 830,375 789,374 788,373 764,373 763,374 724,374 719,373 719,372"/>
          <TextEquiv conf="0.13542747">
            <Unicode>fœmina</Unicode>
          </TextEquiv>
        </Word>
        <Word id="region0001_line0001_word0005" custom="readingOrder {index:5;} textStyle {offset:0; length:9;italic:true; fontSize:0.0; kerning:0;}">
          <Coords points="865,374 865,375 861,376 847,375 847,416 966,419 966,420 987,420 988,419 1012,420 1026,420 1026,376 926,376 924,374 903,374 892,376 891,374"/>
          <TextEquiv conf="0.87628657">
            <Unicode>obtinente</Unicode>
          </TextEquiv>
        </Word>
        <Word id="region0001_line0001_word0006" custom="readingOrder {index:6;} textStyle {offset:0; length:3;italic:true; fontSize:0.0; kerning:0;}">
          <Coords points="1042,375 1042,413 1098,413 1098,376 1086,377 1084,375"/>
          <TextEquiv conf="0.9178045">
            <Unicode>hic</Unicode>
          </TextEquiv>
        </Word>
        <Word id="region0001_line0001_word0007" custom="readingOrder {index:7;} textStyle {offset:0; length:6;italic:true; fontSize:0.0; kerning:0;}">
          <Coords points="1106,374 1105,375 1105,423 1111,424 1181,424 1194,423 1206,418 1229,418 1229,379 1212,380 1210,374 1179,374 1175,378 1158,377 1155,374"/>
          <TextEquiv conf="0.7683277">
            <Unicode>Lipſiæ</Unicode>
          </TextEquiv>
        </Word>
        <Word id="region0001_line0001_word0008" custom="readingOrder {index:8;} textStyle {offset:0; length:3;italic:true; fontSize:0.0; kerning:0;}">
          <Coords points="1247,375 1246,378 1238,378 1238,412 1297,412 1297,376 1286,377 1284,375"/>
          <TextEquiv conf="0.80968285">
            <Unicode>die</Unicode>
          </TextEquiv>
        </Word>
        <Word id="region0001_line0001_word0009" custom="readingOrder {index:9;} textStyle {offset:0; length:2;italic:true; fontSize:0.0; kerning:0;}">
          <Coords points="1342,389 1314,389 1314,422 1335,422 1342,421"/>
          <TextEquiv conf="0.80968285">
            <Unicode>3.</Unicode>
          </TextEquiv>
        </Word>
        <Word id="region0001_line0001_word0010" custom="readingOrder {index:10;} textStyle {offset:0; length:4;italic:true; fontSize:0.0; kerning:0;}">
          <Coords points="1358,376 1441,377 1441,413 1358,412"/>
          <TextEquiv conf="0.8792542">
            <Unicode>Dec.</Unicode>
          </TextEquiv>
        </Word>
        <Word id="region0001_line0001_word0011" custom="readingOrder {index:11;} textStyle {offset:0; length:5;italic:true; fontSize:0.0; kerning:0;}">
          <Coords points="1554,421 1554,379 1455,379 1455,417 1463,419 1471,417 1475,421 1485,421 1493,420 1500,421"/>
          <TextEquiv conf="0.7990669">
            <Unicode>1723.</Unicode>
          </TextEquiv>
        </Word>
        <TextEquiv>
          <Unicode>debiti in maſculo &amp; fœmina obtinente hic Lipſiæ die 3. Dec. 1723.</Unicode>
        </TextEquiv>
      </TextLine>
      <TextLine id="region0001_line0002" custom="readingOrder {index:1;}">
        <Coords points="1446,417 1427,425 1399,424 1394,419 1379,419 1372,424 1329,425 1318,428 1309,425 1288,425 1283,420 1269,420 1262,425 1233,426 1227,419 1206,419 1196,423 1192,428 1149,434 1008,433 947,422 832,421 827,418 812,419 807,423 785,427 741,420 692,430 675,430 663,422 654,422 649,430 406,428 352,432 346,423 334,422 329,426 314,424 308,433 297,433 287,432 281,423 266,423 260,431 256,431 256,477 266,478 301,472 314,476 335,476 353,472 361,476 409,476 416,479 421,474 433,473 448,477 492,475 496,481 506,484 528,472 552,476 615,473 642,476 667,475 675,468 679,468 688,476 728,475 733,472 747,473 750,470 767,469 795,477 807,473 826,476 856,476 862,473 969,476 991,474 997,477 1023,476 1027,483 1032,485 1039,485 1049,476 1087,474 1191,479 1204,486 1214,483 1216,479 1229,480 1241,477 1285,480 1342,476 1352,479 1374,478 1394,472 1403,472 1410,481 1432,478 1443,484 1482,476 1507,480 1516,477 1558,479 1558,425 1528,428 1493,421 1467,423 1456,417"/>
        <Baseline points="256,466 1558,467"/>
        <Word id="region0001_line0002_word0000" custom="readingOrder {index:0;} textStyle {offset:0; length:6;italic:true; fontSize:0.0; kerning:0;}">
          <Coords points="262,428 262,428 262,469 382,469 382,430 352,432 349,428 311,428 308,433 297,433 287,432 284,428"/>
          <TextEquiv>
            <Unicode>habita</Unicode>
          </TextEquiv>
        </Word>
        <Word id="region0001_line0002_word0001" custom="readingOrder {index:1;} textStyle {offset:0; length:2;italic:true; fontSize:0.0; kerning:0;}">
          <Coords points="400,434 430,434 430,470 400,470"/>
          <TextEquiv>
            <Unicode>§.</Unicode>
          </TextEquiv>
        </Word>
        <Word id="region0001_line0002_word0002" custom="readingOrder {index:2;} textStyle {offset:0; length:2;italic:true; fontSize:0.0; kerning:0;}">
          <Coords points="449,439 477,439 477,466 449,466"/>
          <TextEquiv conf="0.49215618">
            <Unicode>5.</Unicode>
          </TextEquiv>
        </Word>
        <Word id="region0001_line0002_word0003" custom="readingOrder {index:3;} textStyle {offset:0; length:3;italic:true; fontSize:0.0; kerning:0;}">
          <Coords points="572,438 502,438 502,477 518,477 528,472 552,476 572,475"/>
          <TextEquiv conf="0.92433435">
            <Unicode>per</Unicode>
          </TextEquiv>
        </Word>
        <Word id="region0001_line0002_word0004" custom="readingOrder {index:4;} textStyle {offset:0; length:5;italic:true; fontSize:0.0; kerning:0;}">
          <Coords points="589,430 589,469 673,469 675,468 679,468 680,469 702,469 702,430 692,430 675,430 649,430"/>
          <TextEquiv conf="0.86889267">
            <Unicode>verba</Unicode>
          </TextEquiv>
        </Word>
        <Word id="region0001_line0002_word0005" custom="readingOrder {index:5;} textStyle {offset:0; length:6;italic:true; fontSize:0.0; kerning:0;}">
          <Coords points="836,475 836,429 727,428 727,474 729,474 733,472 747,473 750,470 767,469 786,474 801,474 807,473 818,474"/>
          <TextEquiv>
            <Unicode>Conſt.</Unicode>
          </TextEquiv>
        </Word>
        <Word id="region0001_line0002_word0006" custom="readingOrder {index:6;} textStyle {offset:0; length:6;italic:true; fontSize:0.0; kerning:0;}">
          <Coords points="954,423 947,422 859,421 859,474 862,473 954,475"/>
          <TextEquiv>
            <Unicode>Elect.</Unicode>
          </TextEquiv>
        </Word>
        <Word id="region0001_line0002_word0007" custom="readingOrder {index:7;} textStyle {offset:0; length:3;italic:true; fontSize:0.0; kerning:0;}">
          <Coords points="973,442 1018,442 1018,468 973,468"/>
          <TextEquiv>
            <Unicode>21.</Unicode>
          </TextEquiv>
        </Word>
        <Word id="region0001_line0002_word0008" custom="readingOrder {index:8;} textStyle {offset:0; length:5;italic:true; fontSize:0.0; kerning:0;}">
          <Coords points="1130,440 1034,439 1034,479 1045,479 1049,476 1087,474 1130,476"/>
          <TextEquiv conf="0.6609718">
            <Unicode>part.</Unicode>
          </TextEquiv>
        </Word>
        <Word id="region0001_line0002_word0009" custom="readingOrder {index:9;} textStyle {offset:0; length:2;italic:true; fontSize:0.0; kerning:0;}">
          <Coords points="1140,445 1168,445 1168,469 1140,469"/>
          <TextEquiv conf="0.6609718">
            <Unicode>2.</Unicode>
          </TextEquiv>
        </Word>
        <Word id="region0001_line0002_word0010" custom="readingOrder {index:10;}">
          <Coords points="1195,425 1195,481 1196,482 1214,482 1216,479 1229,480 1241,477 1285,480 1342,476 1352,479 1371,478 1371,425 1329,425 1318,428 1309,425 1288,425 1262,425 1233,426 1232,425"/>
          <TextEquiv conf="0.42613792">
            <Unicode>ſondern</Unicode>
          </TextEquiv>
        </Word>
        <Word id="region0001_line0002_word0011" custom="readingOrder {index:11;}">
          <Coords points="1459,427 1381,426 1381,475 1394,472 1403,472 1410,481 1432,478 1438,481 1453,481 1459,480"/>
          <TextEquiv>
            <Unicode>daß</Unicode>
          </TextEquiv>
        </Word>
        <Word id="region0001_line0002_word0012" custom="readingOrder {index:12;}">
          <Coords points="1479,428 1550,428 1550,475 1479,475"/>
          <TextEquiv conf="0.917832">
            <Unicode>der</Unicode>
          </TextEquiv>
        </Word>
        <TextEquiv>
          <Unicode>habita §. 5. per verba Conſt. Elect. 21. part. 2. ſondern daß der</Unicode>
        </TextEquiv>
      </TextLine>
      <TextLine id="region0001_line0003" custom="readingOrder {index:2;}">
        <Coords points="675,469 667,476 643,476 638,480 633,480 628,474 615,474 608,480 554,480 549,475 528,473 506,485 498,483 493,478 441,481 433,474 421,475 416,482 409,477 392,477 384,482 371,483 364,482 362,477 353,473 335,477 314,477 306,473 266,479 258,477 255,536 318,539 326,534 336,534 345,538 395,531 407,536 426,536 433,533 442,540 450,541 454,536 462,535 469,527 478,527 487,534 522,533 529,529 548,529 566,534 584,531 589,527 600,527 605,531 610,527 651,527 655,530 662,527 695,528 699,531 712,530 718,534 744,536 754,530 763,533 781,526 788,526 807,538 817,538 821,532 830,529 840,529 847,533 883,530 891,535 920,535 930,538 954,532 966,534 977,543 983,542 992,534 1006,530 1033,535 1045,530 1066,534 1074,529 1098,535 1122,536 1134,531 1150,536 1156,531 1163,531 1173,537 1190,533 1198,537 1268,539 1320,539 1342,536 1349,540 1359,535 1379,539 1397,538 1403,533 1414,534 1455,547 1465,546 1473,539 1557,539 1558,482 1545,479 1532,481 1527,478 1516,478 1508,483 1498,483 1493,478 1482,477 1465,484 1443,485 1432,479 1422,484 1412,483 1403,473 1394,473 1374,479 1351,480 1338,477 1280,483 1258,483 1250,478 1241,478 1232,483 1215,483 1204,487 1194,483 1164,482 1158,478 1145,478 1138,482 1103,481 1097,475 1087,475 1076,477 1073,481 1059,482 1049,477 1039,486 1032,486 1027,484 1023,477 1013,477 1006,481 991,475 969,477 862,474 855,478 828,479 807,474 795,478 770,470 689,479 679,469"/>
        <Baseline points="256,525 532,519 1557,529"/>
        <Word id="region0001_line0003_word0000" custom="readingOrder {index:0;}">
          <Coords points="266,481 265,536 318,539 326,534 336,534 345,538 395,531 407,536 426,536 433,533 442,540 450,541 454,536 462,535 469,527 478,527 487,534 509,533 510,483 506,485 498,483 497,482 416,482 416,482 415,482 385,481 384,482 371,483 364,482 364,481"/>
          <TextEquiv>
            <Unicode>Glaͤubiger</Unicode>
          </TextEquiv>
        </Word>
        <Word id="region0001_line0003_word0001" custom="readingOrder {index:1;}">
          <Coords points="524,478 523,532 529,529 548,529 566,534 584,531 589,527 600,527 605,531 610,527 651,527 655,530 662,527 695,528 699,531 712,530 718,534 744,536 754,530 763,533 775,528 776,478 698,478 689,479 688,478 640,478 638,480 633,480 631,478 610,478 608,480 554,480 552,478"/>
          <TextEquiv>
            <Unicode>vermittelſt</Unicode>
          </TextEquiv>
        </Word>
        <Word id="region0001_line0003_word0002" custom="readingOrder {index:2;}">
          <Coords points="875,488 808,488 807,538 817,538 821,532 830,529 840,529 847,533 874,530"/>
          <TextEquiv conf="0.5160598">
            <Unicode>des</Unicode>
          </TextEquiv>
        </Word>
        <Word id="region0001_line0003_word0003" custom="readingOrder {index:3;}">
          <Coords points="1096,488 878,488 877,530 883,530 891,535 920,535 930,538 954,532 966,534 977,543 983,542 992,534 1006,530 1033,535 1045,530 1066,534 1074,529 1095,534"/>
          <TextEquiv>
            <Unicode>Richters</Unicode>
          </TextEquiv>
        </Word>
        <Word id="region0001_line0003_word0004" custom="readingOrder {index:4;}">
          <Coords points="1216,536 1217,491 1120,491 1119,535 1122,536 1134,531 1150,536 1156,531 1163,531 1171,536 1177,536 1190,533 1196,536"/>
          <TextEquiv conf="0.74653226">
            <Unicode>oder</Unicode>
          </TextEquiv>
        </Word>
        <Word id="region0001_line0003_word0005" custom="readingOrder {index:5;}">
          <Coords points="1242,492 1310,492 1309,538 1241,538"/>
          <TextEquiv conf="0.12932503">
            <Unicode>der</Unicode>
          </TextEquiv>
        </Word>
        <Word id="region0001_line0003_word0006" custom="readingOrder {index:6;}">
          <Coords points="1315,480 1314,539 1320,539 1342,536 1349,540 1359,535 1379,539 1397,538 1403,533 1414,534 1451,546 1465,546 1473,539 1548,539 1549,481 1532,481 1532,481 1532,481 1511,481 1508,483 1498,483 1496,481 1473,481 1465,484 1443,485 1435,481 1429,480 1422,484 1412,483 1410,480"/>
          <TextEquiv>
            <Unicode>Obrigkeit</Unicode>
          </TextEquiv>
        </Word>
        <TextEquiv>
          <Unicode>Glaͤubiger vermittelſt des Richters oder der Obrigkeit</Unicode>
        </TextEquiv>
      </TextLine>
      <TextLine id="region0001_line0004" custom="readingOrder {index:3;}">
        <Coords points="781,527 763,534 754,531 744,537 719,536 712,531 699,532 695,529 662,528 655,531 651,528 610,528 605,532 600,528 589,528 584,532 566,535 548,530 529,530 518,535 485,537 478,528 469,528 462,536 454,537 450,542 442,541 433,534 423,539 409,540 408,537 395,532 355,536 344,540 336,535 326,535 315,542 293,537 255,539 255,604 288,609 299,603 354,597 360,593 371,596 377,591 390,599 394,594 409,594 414,590 423,589 435,589 439,592 473,591 480,584 487,584 494,591 517,591 533,586 550,590 569,585 592,585 599,590 630,591 668,588 676,582 685,585 697,583 700,586 707,582 717,590 740,591 746,599 757,599 766,591 802,592 809,593 821,601 835,600 859,591 867,592 874,599 883,599 889,594 899,593 965,594 973,586 979,587 988,600 997,600 1010,593 1046,596 1060,592 1158,593 1185,594 1194,602 1205,603 1217,601 1232,593 1257,593 1279,595 1291,604 1305,603 1318,595 1335,592 1384,594 1448,591 1557,591 1557,548 1492,548 1486,542 1477,542 1472,547 1455,548 1446,547 1434,540 1421,543 1414,535 1403,534 1396,542 1391,542 1376,541 1369,536 1359,536 1353,541 1342,537 1288,541 1199,541 1190,534 1183,534 1172,540 1163,532 1156,532 1150,537 1134,532 1124,535 1121,540 1086,534 1080,530 1071,531 1066,535 1045,531 1033,536 1006,531 992,535 983,543 977,544 966,535 954,533 930,539 892,537 883,531 868,531 848,536 840,530 830,530 821,533 817,539 807,539 796,535 788,527"/>
        <Baseline points="255,592 561,577 974,584 1557,581"/>
        <Word id="region0001_line0004_word0000" custom="readingOrder {index:0;}">
          <Coords points="263,541 263,604 297,604 299,603 354,597 360,593 371,596 377,591 390,599 394,594 409,594 413,590 413,541 316,541 315,542 310,541"/>
          <TextEquiv>
            <Unicode>Huͤlffe</Unicode>
          </TextEquiv>
        </Word>
        <Word id="region0001_line0004_word0001" custom="readingOrder {index:1;}">
          <Coords points="429,536 428,536 428,589 435,589 439,592 473,591 480,584 487,584 494,591 517,591 533,586 550,590 556,588 556,537 493,537 485,537 485,536 460,536 454,537 450,542 442,541 436,536"/>
          <TextEquiv>
            <Unicode>durch</Unicode>
          </TextEquiv>
        </Word>
        <Word id="region0001_line0004_word0002" custom="readingOrder {index:2;}">
          <Coords points="652,539 568,539 568,585 569,585 592,585 599,590 630,591 652,589"/>
          <TextEquiv>
            <Unicode>die</Unicode>
          </TextEquiv>
        </Word>
        <Word id="region0001_line0004_word0003" custom="readingOrder {index:3;}">
          <Coords points="658,539 658,588 668,588 676,582 685,585 697,583 700,586 707,582 717,590 740,591 746,599 757,599 766,591 802,592 809,593 821,601 835,600 859,591 867,592 874,599 883,599 889,594 899,593 965,594 973,586 979,587 988,600 997,600 997,540 986,539 983,543 977,544 972,539"/>
          <TextEquiv>
            <Unicode>vorhergehende</Unicode>
          </TextEquiv>
        </Word>
        <Word id="region0001_line0004_word0004" custom="readingOrder {index:4;}">
          <Coords points="1005,540 1005,596 1010,593 1046,596 1060,592 1158,593 1185,594 1192,601 1218,601 1232,593 1257,593 1279,595 1287,601 1308,601 1312,599 1312,541 1289,541 1288,541 1199,541 1199,541"/>
          <TextEquiv>
            <Unicode>Vereinigung</Unicode>
          </TextEquiv>
        </Word>
        <Word id="region0001_line0004_word0005" custom="readingOrder {index:5;}">
          <Coords points="1328,545 1392,545 1392,591 1328,591"/>
          <TextEquiv conf="0.67915934">
            <Unicode>die</Unicode>
          </TextEquiv>
        </Word>
        <Word id="region0001_line0004_word0006" custom="readingOrder {index:6;} textStyle {offset:0; length:6;italic:true; fontSize:0.0; kerning:0;}">
          <Coords points="1406,543 1406,587 1546,588 1546,548 1492,548 1487,543 1475,543 1472,547 1455,548 1446,547 1439,543"/>
          <TextEquiv>
            <Unicode>Execu-</Unicode>
          </TextEquiv>
        </Word>
        <TextEquiv>
          <Unicode>Huͤlffe durch die vorhergehende Vereinigung die Execu-</Unicode>
        </TextEquiv>
      </TextLine>
      <TextLine id="region0001_line0005" custom="readingOrder {index:4;}">
        <Coords points="676,583 668,589 654,590 647,600 600,607 596,606 599,591 592,586 569,586 550,591 533,587 522,589 513,595 495,594 487,585 480,585 468,595 440,596 435,590 423,590 412,592 407,599 390,600 377,592 371,597 360,594 348,604 288,610 269,606 265,609 255,609 255,652 316,652 322,645 328,644 339,651 350,651 355,658 366,659 375,651 403,651 409,647 422,647 431,655 440,653 443,649 480,648 487,643 497,643 511,648 517,654 529,654 544,639 550,640 556,647 572,646 582,642 593,643 600,653 609,651 613,646 641,646 650,642 688,644 693,647 751,647 773,642 784,645 818,647 865,647 884,644 891,648 975,653 1008,652 1022,646 1039,646 1047,649 1257,650 1262,647 1300,650 1306,647 1343,647 1349,650 1370,651 1375,656 1385,658 1390,655 1393,647 1405,647 1409,651 1476,651 1481,648 1494,648 1499,651 1557,651 1557,604 1525,604 1517,594 1506,595 1501,605 1488,605 1480,595 1469,595 1460,605 1352,603 1349,594 1335,593 1323,595 1316,605 1265,604 1263,597 1257,594 1232,594 1226,597 1224,603 1205,604 1097,603 1095,595 1089,593 1060,593 1055,595 1053,603 1029,603 1026,596 1010,594 1004,596 1003,603 1000,604 982,603 985,599 984,593 975,587 965,595 967,602 957,602 950,593 933,595 930,602 874,602 865,592 852,593 847,596 846,601 712,600 717,591 710,584 705,583 700,587 697,584 685,586"/>
        <Baseline points="255,642 776,634 1557,640"/>
        <Word id="region0001_line0005_word0000" custom="readingOrder {index:0;} textStyle {offset:0; length:4;italic:true; fontSize:0.0; kerning:0;}">
          <Coords points="260,636 340,636 340,606 328,606 288,610 269,606 265,609 260,609"/>
          <TextEquiv conf="0.82520413">
            <Unicode>tion</Unicode>
          </TextEquiv>
        </Word>
        <Word id="region0001_line0005_word0001" custom="readingOrder {index:1;}">
          <Coords points="499,594 495,594 487,585 480,585 468,595 440,596 435,590 423,590 412,592 407,599 390,600 377,592 371,597 360,594 353,599 353,648 406,648 409,647 422,647 423,648 454,648 480,648 487,643 497,643 499,643"/>
          <TextEquiv conf="0.7369591">
            <Unicode>ſuchen</Unicode>
          </TextEquiv>
        </Word>
        <Word id="region0001_line0005_word0002" custom="readingOrder {index:2;}">
          <Coords points="520,590 517,592 517,647 536,647 544,639 550,640 556,647 572,646 582,642 593,643 595,647 612,647 612,605 600,607 596,606 599,591 597,590 553,590 550,591 545,590"/>
          <TextEquiv conf="0.21914284">
            <Unicode>ſoll,</Unicode>
          </TextEquiv>
        </Word>
        <Word id="region0001_line0005_word0003" custom="readingOrder {index:3;}">
          <Coords points="629,637 782,637 782,600 712,600 717,591 710,584 705,583 700,587 697,584 685,586 676,583 668,589 654,590 647,600 629,602"/>
          <TextEquiv>
            <Unicode>aſſerere</Unicode>
          </TextEquiv>
        </Word>
        <Word id="region0001_line0005_word0004" custom="readingOrder {index:4;}">
          <Coords points="801,640 989,641 989,603 982,603 985,599 984,593 975,587 965,595 967,602 957,602 950,593 933,595 930,602 874,602 865,592 852,593 847,596 846,601 801,600"/>
          <TextEquiv conf="0.85613364">
            <Unicode>voluerit,</Unicode>
          </TextEquiv>
        </Word>
        <Word id="region0001_line0005_word0005" custom="readingOrder {index:5;}">
          <Coords points="1056,594 1055,595 1053,603 1029,603 1026,596 1011,594 1011,645 1177,646 1177,603 1097,603 1095,595 1093,594"/>
          <TextEquiv conf="0.85613364">
            <Unicode>judicem</Unicode>
          </TextEquiv>
        </Word>
        <Word id="region0001_line0005_word0006" custom="readingOrder {index:6;}">
          <Coords points="1195,636 1257,636 1257,596 1228,596 1226,597 1224,603 1205,604 1195,603"/>
          <TextEquiv conf="0.92728037">
            <Unicode>tali</Unicode>
          </TextEquiv>
        </Word>
        <Word id="region0001_line0005_word0007" custom="readingOrder {index:7;}">
          <Coords points="1329,594 1323,595 1316,605 1277,604 1277,636 1359,636 1359,603 1352,603 1349,594"/>
          <TextEquiv conf="0.89229083">
            <Unicode>caſu</Unicode>
          </TextEquiv>
        </Word>
        <Word id="region0001_line0005_word0008" custom="readingOrder {index:8;}">
          <Coords points="1450,649 1450,609 1378,608 1378,648 1392,648 1393,647 1405,647 1406,648"/>
          <TextEquiv conf="0.89229083">
            <Unicode>pro</Unicode>
          </TextEquiv>
        </Word>
        <Word id="region0001_line0005_word0009" custom="readingOrder {index:9;}">
          <Coords points="1467,598 1467,638 1543,638 1543,604 1525,604 1520,598 1504,598 1501,605 1488,605 1482,598"/>
          <TextEquiv conf="0.9184153">
            <Unicode>im-</Unicode>
          </TextEquiv>
        </Word>
        <TextEquiv>
          <Unicode>tion ſuchen ſoll, aſſerere voluerit, judicem tali caſu pro im-</Unicode>
        </TextEquiv>
      </TextLine>
      <TextLine id="region0001_line0006" custom="readingOrder {index:5;}">
        <Coords points="544,640 537,648 537,652 529,655 505,653 500,646 487,644 479,652 431,656 422,648 409,648 402,655 373,656 366,660 358,660 352,657 338,658 339,652 334,647 324,645 317,652 319,658 255,660 255,711 280,711 283,707 312,704 467,697 480,697 486,704 496,704 504,698 577,699 586,704 595,704 600,699 632,698 943,699 1065,704 1071,709 1080,709 1086,704 1170,701 1444,701 1474,702 1480,708 1491,708 1497,702 1557,701 1557,655 1501,656 1500,652 1494,649 1481,649 1476,652 1475,657 1416,657 1411,656 1405,648 1393,648 1391,655 1385,659 1367,653 1353,653 1343,648 1306,648 1291,655 1282,655 1281,651 1275,648 1262,648 1256,651 1255,656 1098,655 1071,658 1050,656 1048,650 1039,647 1022,647 1000,655 893,653 884,645 868,646 864,648 863,653 787,652 785,646 778,643 762,645 758,652 722,654 694,653 693,648 688,645 650,643 642,646 640,652 600,654 593,644 588,643 577,644 567,652 556,652 555,646"/>
        <Baseline points="255,696 444,688 1557,692"/>
        <Word id="region0001_line0006_word0000" custom="readingOrder {index:0;}">
          <Coords points="444,654 431,656 422,648 409,648 402,655 373,656 366,660 358,660 352,657 338,658 339,652 334,647 324,645 317,652 319,658 262,659 262,699 422,699 444,698"/>
          <TextEquiv conf="0.9204532">
            <Unicode>petranda</Unicode>
          </TextEquiv>
        </Word>
        <Word id="region0001_line0006_word0001" custom="readingOrder {index:1;}">
          <Coords points="542,642 537,648 537,652 529,655 505,653 500,646 487,644 479,652 466,653 466,695 548,696 548,642 548,642"/>
          <TextEquiv conf="0.87998015">
            <Unicode>ejus</Unicode>
          </TextEquiv>
        </Word>
        <Word id="region0001_line0006_word0002" custom="readingOrder {index:2;}">
          <Coords points="572,648 571,648 571,696 709,696 709,653 694,653 693,648 641,648 640,652 600,654 595,648"/>
          <TextEquiv>
            <Unicode>familia</Unicode>
          </TextEquiv>
        </Word>
        <Word id="region0001_line0006_word0003" custom="readingOrder {index:3;}">
          <Coords points="760,648 758,652 733,653 733,689 952,690 952,654 893,653 888,648 863,648 863,653 787,652 785,648"/>
          <TextEquiv conf="0.89826226">
            <Unicode>adeundum</Unicode>
          </TextEquiv>
        </Word>
        <Word id="region0001_line0006_word0004" custom="readingOrder {index:4;}">
          <Coords points="1013,650 1000,655 981,654 981,699 1098,699 1098,655 1071,658 1050,656 1048,650"/>
          <TextEquiv>
            <Unicode>eſſe,</Unicode>
          </TextEquiv>
        </Word>
        <Word id="region0001_line0006_word0005" custom="readingOrder {index:5;}">
          <Coords points="1115,663 1204,663 1204,689 1115,689"/>
          <TextEquiv conf="0.9132379">
            <Unicode>cum</Unicode>
          </TextEquiv>
        </Word>
        <Word id="region0001_line0006_word0006" custom="readingOrder {index:6;}">
          <Coords points="1256,652 1255,656 1223,656 1223,691 1432,692 1432,657 1416,657 1411,656 1409,653 1392,653 1391,655 1385,659 1367,653 1353,653 1352,653 1297,652 1291,655 1282,655 1281,652"/>
          <TextEquiv conf="0.40391305">
            <Unicode>miniſterio</Unicode>
          </TextEquiv>
        </Word>
        <Word id="region0001_line0006_word0007" custom="readingOrder {index:7;}">
          <Coords points="1475,653 1475,657 1446,657 1446,699 1540,699 1540,655 1501,656 1500,653"/>
          <TextEquiv conf="0.40391305">
            <Unicode>ejus</Unicode>
          </TextEquiv>
        </Word>
        <TextEquiv>
          <Unicode>petranda ejus familia adeundum eſſe, cum miniſterio ejus</Unicode>
        </TextEquiv>
      </TextLine>
      <TextLine id="line_1666250484418_302" custom="readingOrder {index:6;}">
        <Coords points="275,696 288,696 294,704 303,704 310,695 324,695 331,704 338,694 351,694 357,704 385,704 405,701 416,693 456,691 459,694 500,700 551,702 553,695 559,690 571,690 578,701 588,701 591,690 608,690 612,701 625,701 693,690 721,700 725,700 731,693 743,693 750,703 790,703 795,692 807,691 814,695 817,703 842,702 849,693 868,693 874,702 1044,705 1046,697 1050,694 1074,691 1082,705 1113,706 1249,704 1267,701 1277,693 1294,696 1310,693 1339,699 1351,696 1404,696 1420,704 1426,697 1436,694 1491,693 1505,695 1518,703 1550,700 1550,746 1549,747 1542,749 1477,750 1458,749 1452,746 1433,748 1423,758 1415,756 1412,750 1405,751 1399,747 1381,751 1251,750 1234,747 1226,750 1177,751 1168,755 1152,753 1143,757 1126,751 1077,752 1059,749 1047,757 1037,758 1008,754 998,746 989,747 983,752 941,754 925,750 893,749 886,745 876,745 867,750 845,750 836,744 817,745 811,750 712,748 703,740 693,745 672,742 666,747 641,744 634,748 619,748 609,742 600,742 593,747 560,743 553,747 552,753 538,757 523,753 522,748 501,748 494,744 385,750 334,750 329,747 318,747 311,751 298,748 284,748 280,751 255,750 255,707 265,706 270,698"/>
        <Baseline points="255,741 702,741 703,741 1393,741 1510,739 1550,732"/>
        <Word id="region0003_line0001_word0000" custom="readingOrder {index:0;}">
          <Coords points="270,698 265,706 261,706 261,737 416,737 416,698 409,698 405,701 385,704 357,704 353,698 335,698 331,704 326,698 307,698 303,704 294,704 289,698"/>
          <TextEquiv conf="0.9259139">
            <Unicode>debitor</Unicode>
          </TextEquiv>
        </Word>
        <Word id="region0003_line0001_word0001" custom="readingOrder {index:1;}">
          <Coords points="433,695 433,732 469,732 469,695 465,695"/>
          <TextEquiv conf="0.92999125">
            <Unicode>&amp;</Unicode>
          </TextEquiv>
        </Word>
        <Word id="region0003_line0001_word0002" custom="readingOrder {index:2;}">
          <Coords points="555,693 553,695 551,702 500,700 488,698 488,744 494,744 501,748 522,748 552,748 553,747 560,743 593,747 600,742 609,742 619,748 634,748 641,744 656,745 656,695 625,701 612,701 609,693 590,693 588,701 578,701 572,693"/>
          <TextEquiv conf="0.8900148">
            <Unicode>capiatur</Unicode>
          </TextEquiv>
        </Word>
        <Word id="region0003_line0001_word0003" custom="readingOrder {index:3;}">
          <Coords points="673,696 673,735 710,735 710,696 710,696"/>
          <TextEquiv conf="0.8980682">
            <Unicode>&amp;</Unicode>
          </TextEquiv>
        </Word>
        <Word id="region0003_line0001_word0004" custom="readingOrder {index:4;}">
          <Coords points="731,697 731,742 969,742 969,703 874,702 870,697 845,697 842,702 817,703 814,697 792,697 790,703 750,703 745,697"/>
          <TextEquiv conf="0.8846632">
            <Unicode>includatur;</Unicode>
          </TextEquiv>
        </Word>
        <Word id="region0003_line0001_word0005" custom="readingOrder {index:5;}">
          <Coords points="1061,692 1050,694 1046,697 1044,705 996,704 996,746 998,746 999,747 1111,748 1111,705 1082,705 1074,692"/>
          <TextEquiv>
            <Unicode>verba</Unicode>
          </TextEquiv>
        </Word>
        <Word id="region0003_line0001_word0006" custom="readingOrder {index:6;}">
          <Coords points="1132,709 1260,709 1260,745 1132,745"/>
          <TextEquiv conf="0.91850877">
            <Unicode>tamen</Unicode>
          </TextEquiv>
        </Word>
        <Word id="region0003_line0001_word0007" custom="readingOrder {index:7;}">
          <Coords points="1277,699 1342,700 1342,740 1277,739"/>
          <TextEquiv conf="0.9148003">
            <Unicode>iſta</Unicode>
          </TextEquiv>
        </Word>
        <Word id="region0003_line0001_word0008" custom="readingOrder {index:8;}">
          <Coords points="1361,700 1361,749 1390,749 1399,747 1402,749 1432,749 1433,748 1452,746 1458,749 1468,749 1468,700 1423,700 1420,704 1412,700"/>
          <TextEquiv conf="0.74453187">
            <Unicode>Conſt.</Unicode>
          </TextEquiv>
        </Word>
        <Word id="region0003_line0001_word0009" custom="readingOrder {index:9;}">
          <Coords points="1486,703 1537,703 1537,741 1486,741"/>
          <TextEquiv>
            <Unicode>le-</Unicode>
          </TextEquiv>
        </Word>
        <TextEquiv>
          <Unicode>debitor &amp; capiatur &amp; includatur; verba tamen iſta Conſt. le-</Unicode>
        </TextEquiv>
      </TextLine>
      <TextLine id="line_1666250484422_304" custom="readingOrder {index:7;}">
        <Coords points="255,757 277,757 284,749 298,749 304,756 310,756 312,751 318,748 329,748 336,756 476,754 480,746 494,745 501,749 502,754 524,754 538,758 552,754 554,747 560,744 574,744 581,748 582,754 592,754 593,748 600,743 613,744 620,752 633,752 641,745 654,745 660,751 665,751 672,743 693,746 703,741 713,752 810,753 817,746 836,745 846,753 866,753 873,747 886,746 893,750 894,754 963,755 982,754 989,748 998,747 1008,755 1022,757 1044,759 1059,750 1071,750 1078,756 1143,758 1151,755 1224,754 1225,751 1234,748 1247,749 1256,755 1380,755 1386,749 1399,748 1406,756 1423,759 1433,749 1447,747 1459,750 1461,755 1545,751 1550,746 1550,800 1532,804 1522,801 1484,800 1479,797 1465,797 1456,801 1326,802 1301,800 1293,794 1287,794 1280,800 1274,796 1250,796 1241,800 1197,801 1190,797 1175,799 1165,795 1157,801 1150,801 1141,797 1131,798 1126,793 1121,793 1115,800 1089,798 1081,801 1079,806 1072,810 1064,810 1063,799 1059,797 1043,801 1007,800 1001,796 994,796 989,791 974,799 864,799 859,796 847,796 842,799 839,806 829,806 822,800 775,801 769,796 759,799 704,798 692,791 685,791 678,798 645,798 637,794 627,794 620,798 607,798 598,793 589,793 583,798 562,798 561,802 552,805 544,804 539,799 477,799 476,804 467,808 452,807 448,805 447,800 437,797 408,799 394,796 323,803 283,811 255,811"/>
        <Baseline points="255,800 360,789 1395,792 1550,786"/>
        <Word id="region0003_line0002_word0000" custom="readingOrder {index:0;}">
          <Coords points="261,793 395,793 395,755 336,756 329,748 318,748 312,751 310,756 304,756 298,749 284,749 277,757 261,757"/>
          <TextEquiv conf="0.9112777">
            <Unicode>gitime</Unicode>
          </TextEquiv>
        </Word>
        <Word id="region0003_line0002_word0001" custom="readingOrder {index:1;}">
          <Coords points="615,794 615,746 613,744 600,743 593,748 592,754 582,754 581,748 574,744 560,744 554,747 552,754 538,758 524,754 502,754 501,749 494,745 480,746 476,754 412,754 412,793 587,793 589,793 598,793 599,793"/>
          <TextEquiv conf="0.91323316">
            <Unicode>capienda,</Unicode>
          </TextEquiv>
        </Word>
        <Word id="region0003_line0002_word0002" custom="readingOrder {index:2;}">
          <Coords points="641,784 704,786 704,753 713,752 703,741 693,746 672,743 665,751 660,751 654,745 641,745"/>
          <TextEquiv conf="0.55033666">
            <Unicode>ita</Unicode>
          </TextEquiv>
        </Word>
        <Word id="region0003_line0002_word0003" custom="readingOrder {index:3;}">
          <Coords points="752,753 708,753 708,799 752,800"/>
          <TextEquiv conf="0.9250982">
            <Unicode>ut</Unicode>
          </TextEquiv>
        </Word>
        <Word id="region0003_line0002_word0004" custom="readingOrder {index:4;}">
          <Coords points="770,795 948,795 948,754 894,754 893,750 886,746 873,747 866,753 846,753 836,745 817,746 810,753 770,752"/>
          <TextEquiv conf="0.017840575">
            <Unicode>præviam</Unicode>
          </TextEquiv>
        </Word>
        <Word id="region0003_line0002_word0005" custom="readingOrder {index:5;}">
          <Coords points="1190,754 1151,755 1143,758 1078,756 1071,750 1059,750 1044,759 1022,757 1008,755 998,747 989,748 982,754 967,755 967,798 976,798 989,791 994,796 1001,796 1004,798 1053,798 1059,797 1062,798 1088,799 1089,798 1097,799 1116,799 1121,793 1126,793 1131,798 1141,797 1145,799 1160,799 1165,795 1175,799 1175,799 1190,797"/>
          <TextEquiv>
            <Unicode>citationem</Unicode>
          </TextEquiv>
        </Word>
        <Word id="region0003_line0002_word0006" custom="readingOrder {index:6;}">
          <Coords points="1209,785 1292,785 1292,755 1256,755 1247,749 1234,748 1225,751 1224,754 1209,754"/>
          <TextEquiv conf="0.9188897">
            <Unicode>non</Unicode>
          </TextEquiv>
        </Word>
        <Word id="region0003_line0002_word0007" custom="readingOrder {index:7;}">
          <Coords points="1532,803 1532,751 1461,755 1459,750 1447,747 1433,749 1423,759 1406,756 1399,748 1386,749 1380,755 1315,755 1315,801 1326,802 1456,801 1465,797 1479,797 1484,800 1522,801 1528,802"/>
          <TextEquiv conf="0.86783826">
            <Unicode>excludant;</Unicode>
          </TextEquiv>
        </Word>
        <TextEquiv>
          <Unicode>gitime capienda, ita ut præviam citationem non excludant;</Unicode>
        </TextEquiv>
      </TextLine>
      <TextLine id="line_1666250484426_306" custom="readingOrder {index:8;}">
        <Coords points="255,812 364,807 369,806 370,801 374,799 394,797 405,798 410,805 416,805 420,799 437,798 442,801 443,806 467,809 486,804 541,803 552,806 560,803 582,803 589,794 601,795 608,803 619,803 622,797 627,795 640,796 646,802 677,802 685,792 692,792 702,797 705,802 711,803 755,803 769,797 775,802 839,807 847,797 859,797 865,800 866,804 970,804 972,800 989,792 994,797 1005,799 1008,806 1042,807 1044,801 1059,798 1062,799 1064,811 1072,811 1082,807 1089,799 1115,801 1121,794 1126,794 1131,799 1147,799 1151,805 1156,805 1165,796 1175,800 1190,798 1198,804 1206,805 1239,805 1242,800 1250,797 1274,797 1280,801 1287,795 1293,795 1301,801 1302,806 1451,807 1458,806 1459,801 1465,798 1479,798 1485,805 1532,805 1550,802 1550,850 1481,848 1472,851 1442,852 1413,849 1407,853 1364,853 1359,858 1348,858 1342,853 1321,848 1309,848 1303,843 1297,844 1290,851 1244,851 1231,846 1216,846 1208,850 1163,851 1148,846 1138,852 1108,853 1064,851 1041,843 1036,843 1032,847 980,844 951,849 947,845 940,847 926,844 920,849 889,849 882,842 877,842 873,845 843,846 838,851 809,855 796,854 779,845 751,849 740,843 728,841 721,847 717,844 702,847 691,842 677,849 670,841 664,841 655,850 642,848 640,852 629,857 621,843 611,844 608,841 600,842 594,848 588,844 572,845 568,848 567,855 554,858 541,854 540,849 438,852 432,846 421,846 403,852 372,852 361,849 346,854 333,854 330,860 324,862 308,860 312,851 303,846 296,855 254,855"/>
        <Baseline points="254,845 551,838 1431,842 1550,837"/>
        <Word id="region0003_line0003_word0000" custom="readingOrder {index:0;}">
          <Coords points="262,845 434,846 434,798 420,799 416,805 410,805 405,798 394,797 374,799 370,801 369,806 364,807 262,811"/>
          <TextEquiv conf="0.9240223">
            <Unicode>expediti</Unicode>
          </TextEquiv>
        </Word>
        <Word id="region0003_line0003_word0001" custom="readingOrder {index:1;}">
          <Coords points="482,805 467,809 462,808 461,845 572,845 588,844 588,844 589,805 555,805 552,806 548,805"/>
          <TextEquiv>
            <Unicode>namque</Unicode>
          </TextEquiv>
        </Word>
        <Word id="region0003_line0003_word0002" custom="readingOrder {index:2;}">
          <Coords points="718,803 711,803 705,802 702,797 692,792 685,792 677,802 646,802 640,796 627,795 622,797 622,797 621,843 623,846 659,846 664,841 670,841 674,846 683,846 691,842 700,846 707,846 717,844 717,844"/>
          <TextEquiv conf="0.8948255">
            <Unicode>juris</Unicode>
          </TextEquiv>
        </Word>
        <Word id="region0003_line0003_word0003" custom="readingOrder {index:3;}">
          <Coords points="736,841 826,841 826,805 775,802 769,797 755,803 736,803"/>
          <TextEquiv conf="0.80070204">
            <Unicode>eſt,</Unicode>
          </TextEquiv>
        </Word>
        <Word id="region0003_line0003_word0004" custom="readingOrder {index:4;}">
          <Coords points="845,833 888,833 888,804 866,804 865,800 859,797 847,797 845,799"/>
          <TextEquiv conf="0.775044">
            <Unicode>in</Unicode>
          </TextEquiv>
        </Word>
        <Word id="region0003_line0003_word0005" custom="readingOrder {index:5;}">
          <Coords points="906,842 1009,842 1009,806 1008,806 1005,799 994,797 989,792 972,800 970,804 906,804"/>
          <TextEquiv conf="0.49348217">
            <Unicode>cauſa</Unicode>
          </TextEquiv>
        </Word>
        <Word id="region0003_line0003_word0006" custom="readingOrder {index:6;}">
          <Coords points="1027,840 1142,840 1142,799 1131,799 1126,794 1121,794 1115,801 1089,799 1082,807 1072,811 1064,811 1062,799 1059,798 1044,801 1042,807 1027,806"/>
          <TextEquiv conf="0.5408763">
            <Unicode>civili</Unicode>
          </TextEquiv>
        </Word>
        <Word id="region0003_line0003_word0007" custom="readingOrder {index:7;}">
          <Coords points="1378,844 1379,807 1302,806 1301,801 1293,795 1287,795 1280,801 1274,797 1250,797 1242,800 1239,805 1206,805 1198,804 1190,798 1175,800 1165,796 1156,805 1156,805 1155,843 1299,844 1303,843 1304,844"/>
          <TextEquiv conf="0.76670647">
            <Unicode>citationem</Unicode>
          </TextEquiv>
        </Word>
        <Word id="region0003_line0003_word0008" custom="readingOrder {index:8;}">
          <Coords points="1394,838 1541,838 1541,803 1532,805 1485,805 1479,798 1465,798 1459,801 1458,806 1451,807 1394,806"/>
          <TextEquiv conf="0.76670647">
            <Unicode>realem</Unicode>
          </TextEquiv>
        </Word>
        <TextEquiv>
          <Unicode>expediti namque juris eſt, in cauſa civili citationem realem</Unicode>
        </TextEquiv>
      </TextLine>
      <TextLine id="line_1666250484431_308" custom="readingOrder {index:9;}">
        <Coords points="254,859 299,860 296,856 302,847 311,851 306,859 314,863 328,862 334,858 349,858 353,852 361,850 373,853 374,857 402,856 405,851 421,847 432,847 438,853 437,857 542,855 554,859 567,856 572,846 588,845 594,849 602,842 611,845 621,844 629,858 639,853 655,853 663,842 669,842 677,850 691,843 702,848 717,845 721,848 728,842 740,844 752,850 755,857 761,856 762,849 774,846 786,848 793,855 819,856 837,854 843,847 860,848 876,843 881,843 889,850 919,851 926,845 940,848 947,846 953,850 980,845 1032,848 1036,844 1041,844 1050,849 1062,850 1065,857 1076,858 1083,854 1092,854 1097,858 1137,856 1148,847 1164,852 1165,856 1203,855 1216,847 1231,847 1239,851 1240,857 1276,858 1289,857 1297,845 1303,844 1309,849 1326,852 1328,858 1397,859 1406,858 1413,850 1439,851 1445,856 1481,849 1550,849 1550,893 1547,895 1520,899 1448,897 1332,900 1315,896 1298,900 1215,900 1205,907 1180,898 1070,900 1068,905 1054,909 1030,901 1021,900 1013,906 988,907 958,904 953,897 912,898 892,895 876,903 868,894 846,900 821,898 813,894 795,897 765,897 755,894 717,896 701,892 689,896 593,897 554,897 547,893 538,893 530,898 519,898 515,904 507,907 497,906 490,898 484,896 473,897 467,901 406,901 400,896 393,895 378,902 373,896 366,895 357,904 333,906 324,911 307,913 297,902 254,902"/>
        <Baseline points="254,892 598,886 952,887 1019,893 1550,883"/>
        <Word id="region0003_line0004_word0000" custom="readingOrder {index:0;}">
          <Coords points="483,856 437,857 438,853 432,847 421,847 405,851 402,856 374,857 373,853 361,850 353,852 349,858 334,858 328,862 314,863 306,859 311,851 302,847 296,856 299,860 259,859 259,897 363,897 366,895 373,896 374,897 387,897 393,895 400,896 401,897 471,897 473,897 483,896"/>
          <TextEquiv conf="0.88933647">
            <Unicode>regulariter</Unicode>
          </TextEquiv>
        </Word>
        <Word id="region0003_line0004_word0001" custom="readingOrder {index:1;}">
          <Coords points="600,843 594,849 588,845 572,846 567,856 554,859 542,855 500,855 500,898 519,898 530,898 538,893 547,893 554,897 593,897 689,896 695,894 695,844 691,843 677,850 670,843 662,843 655,853 639,853 629,858 621,844 611,845 605,843"/>
          <TextEquiv conf="0.909653">
            <Unicode>prohiberi</Unicode>
          </TextEquiv>
        </Word>
        <Word id="region0003_line0004_word0002" custom="readingOrder {index:2;} textStyle {offset:0; length:2;italic:true; fontSize:0.0; kerning:0;}">
          <Coords points="726,843 721,848 717,845 711,846 711,888 746,889 746,847 740,844 738,843"/>
          <TextEquiv>
            <Unicode>a.</Unicode>
          </TextEquiv>
        </Word>
        <Word id="region0003_line0004_word0003" custom="readingOrder {index:3;} textStyle {offset:0; length:2;italic:true; fontSize:0.0; kerning:0;}">
          <Coords points="761,892 785,892 785,850 761,850 761,856"/>
          <TextEquiv>
            <Unicode>I.</Unicode>
          </TextEquiv>
        </Word>
        <Word id="region0003_line0004_word0004" custom="readingOrder {index:4;} textStyle {offset:0; length:3;italic:true; fontSize:0.0; kerning:0;}">
          <Coords points="876,843 860,848 843,847 837,854 819,856 802,855 802,894 813,894 868,894 878,896 878,852 889,850 881,843"/>
          <TextEquiv>
            <Unicode>10.</Unicode>
          </TextEquiv>
        </Word>
        <Word id="region0003_line0004_word0005" custom="readingOrder {index:5;} textStyle {offset:0; length:2;italic:true; fontSize:0.0; kerning:0;}">
          <Coords points="910,850 889,850 881,843 876,843 876,902 892,895 910,897"/>
          <TextEquiv>
            <Unicode>§.</Unicode>
          </TextEquiv>
        </Word>
        <Word id="region0003_line0004_word0006" custom="readingOrder {index:6;} textStyle {offset:0; length:3;italic:true; fontSize:0.0; kerning:0;}">
          <Coords points="923,847 921,849 921,887 978,892 978,852 935,847"/>
          <TextEquiv>
            <Unicode>16.</Unicode>
          </TextEquiv>
        </Word>
        <Word id="region0003_line0004_word0007" custom="readingOrder {index:7;} textStyle {offset:0; length:3;italic:true; fontSize:0.0; kerning:0;}">
          <Coords points="1037,844 1036,844 1032,848 993,846 992,905 1014,905 1021,900 1030,901 1036,903"/>
          <TextEquiv>
            <Unicode>ff.</Unicode>
          </TextEquiv>
        </Word>
        <Word id="region0003_line0004_word0008" custom="readingOrder {index:8;} textStyle {offset:0; length:3;italic:true; fontSize:0.0; kerning:0;}">
          <Coords points="1038,844 1038,902 1069,902 1070,900 1125,899 1125,856 1097,858 1092,854 1083,854 1076,858 1065,857 1062,850 1050,849 1041,844"/>
          <TextEquiv conf="0.87697136">
            <Unicode>quæ</Unicode>
          </TextEquiv>
        </Word>
        <Word id="region0003_line0004_word0009" custom="readingOrder {index:9;} textStyle {offset:0; length:2;italic:true; fontSize:0.0; kerning:0;}">
          <Coords points="1145,849 1141,852 1141,888 1178,888 1178,855 1165,856 1164,852 1154,849"/>
          <TextEquiv conf="0.9279248">
            <Unicode>in</Unicode>
          </TextEquiv>
        </Word>
        <Word id="region0003_line0004_word0010" custom="readingOrder {index:10;} textStyle {offset:0; length:6;italic:true; fontSize:0.0; kerning:0;}">
          <Coords points="1324,851 1309,849 1303,844 1297,845 1289,857 1276,858 1240,857 1239,851 1231,847 1216,847 1203,855 1192,855 1192,900 1215,900 1298,900 1315,896 1324,898"/>
          <TextEquiv conf="0.7204976">
            <Unicode>fraud.</Unicode>
          </TextEquiv>
        </Word>
        <Word id="region0003_line0004_word0011" custom="readingOrder {index:11;} textStyle {offset:0; length:7;italic:true; fontSize:0.0; kerning:0;}">
          <Coords points="1410,853 1406,858 1397,859 1340,858 1340,892 1463,892 1463,853 1460,853 1445,856 1441,853"/>
          <TextEquiv conf="0.8588804">
            <Unicode>credit.</Unicode>
          </TextEquiv>
        </Word>
        <Word id="region0003_line0004_word0012" custom="readingOrder {index:12;} textStyle {offset:0; length:2;italic:true; fontSize:0.0; kerning:0;}">
          <Coords points="1474,854 1497,854 1497,891 1474,891"/>
          <TextEquiv conf="0.5457687">
            <Unicode>I.</Unicode>
          </TextEquiv>
        </Word>
        <Word id="region0003_line0004_word0013" custom="readingOrder {index:13;} textStyle {offset:0; length:2;italic:true; fontSize:0.0; kerning:0;}">
          <Coords points="1511,860 1541,860 1541,895 1511,895"/>
          <TextEquiv>
            <Unicode>8.</Unicode>
          </TextEquiv>
        </Word>
        <TextEquiv>
          <Unicode>regulariter prohiberi a. I. 10. §. 16. ff. quæ in fraud. credit. I. 8.</Unicode>
        </TextEquiv>
      </TextLine>
      <TextLine id="line_1666250484434_310" custom="readingOrder {index:10;}">
        <Coords points="254,903 297,903 307,914 324,912 340,906 358,908 360,901 366,896 373,897 379,907 386,898 393,896 402,898 406,902 406,907 418,908 466,907 469,900 484,897 490,899 497,907 507,908 518,902 530,902 532,897 538,894 550,895 555,902 656,903 688,902 689,897 695,893 713,894 717,897 760,895 765,898 781,898 786,906 793,905 794,898 802,895 816,896 821,899 822,905 825,905 852,904 859,896 868,895 876,904 892,896 903,896 913,899 915,904 952,902 962,906 1000,908 1013,907 1021,901 1030,902 1054,910 1067,906 1177,906 1181,900 1194,903 1200,908 1305,907 1306,900 1315,897 1329,899 1333,901 1333,907 1337,908 1338,902 1345,899 1520,900 1549,896 1550,895 1550,944 1503,952 1190,948 1182,959 1168,960 1158,960 1155,949 1130,950 1124,960 1100,960 1096,950 1048,949 1044,952 1035,952 1031,949 961,947 900,948 875,959 864,959 850,950 837,948 750,952 740,957 730,957 724,952 706,948 657,945 608,945 603,956 595,958 581,956 576,947 516,949 510,955 500,955 492,948 361,950 353,951 349,959 330,959 326,953 254,953"/>
        <Baseline points="254,944 587,936 1484,942 1550,934"/>
        <Word id="region0003_line0005_word0000" custom="readingOrder {index:0;} textStyle {offset:0; length:2;italic:true; fontSize:0.0; kerning:0;}">
          <Coords points="266,933 305,933 305,911 297,903 266,903"/>
          <TextEquiv conf="0.89893365">
            <Unicode>C.</Unicode>
          </TextEquiv>
        </Word>
        <Word id="word_1666251056141_614" custom="readingOrder {index:1;} textStyle {offset:0; length:7;italic:true; fontSize:0.0; kerning:0;}">
          <Coords points="329,910 340,906 358,908 360,901 366,896 373,897 379,907 386,898 393,896 402,898 406,902 406,907 418,908 466,907 469,900 484,897 490,899 497,907 504,907 504,943 329,943"/>
          <TextEquiv>
            <Unicode>quomodo</Unicode>
          </TextEquiv>
        </Word>
        <Word id="region0003_line0005_word0002" custom="readingOrder {index:2;} textStyle {offset:0; length:1;italic:true; fontSize:0.0; kerning:0;}">
          <Coords points="562,902 555,902 550,895 538,894 535,895 535,948 562,947"/>
          <TextEquiv conf="0.87617004">
            <Unicode>&amp;</Unicode>
          </TextEquiv>
        </Word>
        <Word id="region0003_line0005_word0003" custom="readingOrder {index:3;} textStyle {offset:0; length:6;italic:true; fontSize:0.0; kerning:0;}">
          <Coords points="582,944 724,945 724,896 717,897 713,894 695,893 689,897 688,902 656,903 582,902"/>
          <TextEquiv>
            <Unicode>quando</Unicode>
          </TextEquiv>
        </Word>
        <Word id="region0003_line0005_word0004" custom="readingOrder {index:4;} textStyle {offset:0; length:5;italic:true; fontSize:0.0; kerning:0;}">
          <Coords points="745,943 850,943 850,904 825,905 822,905 821,899 816,896 802,895 794,898 793,905 786,906 781,898 765,898 760,895 745,895"/>
          <TextEquiv conf="0.79933786">
            <Unicode>Judex</Unicode>
          </TextEquiv>
        </Word>
        <Word id="region0003_line0005_word0005" custom="readingOrder {index:5;} textStyle {offset:0; length:10;italic:true; fontSize:0.0; kerning:0;}">
          <Coords points="1087,906 1067,906 1054,910 1030,902 1021,901 1013,907 1000,908 962,906 952,902 915,904 913,899 903,896 892,896 876,904 871,898 871,950 895,950 900,948 961,947 1031,949 1033,950 1045,950 1048,949 1087,949"/>
          <TextEquiv conf="0.8738856">
            <Unicode>ſententiam</Unicode>
          </TextEquiv>
        </Word>
        <Word id="region0003_line0005_word0006" custom="readingOrder {index:6;} textStyle {offset:0; length:8;italic:true; fontSize:0.0; kerning:0;}">
          <Coords points="1106,947 1275,947 1275,907 1200,908 1194,903 1181,900 1177,906 1106,906"/>
          <TextEquiv conf="0.6851362">
            <Unicode>proferre</Unicode>
          </TextEquiv>
        </Word>
        <Word id="region0003_line0005_word0007" custom="readingOrder {index:7;} textStyle {offset:0; length:4;italic:true; fontSize:0.0; kerning:0;}">
          <Coords points="1311,898 1306,900 1305,907 1296,907 1296,938 1371,939 1371,899 1345,899 1338,902 1337,908 1333,907 1333,901 1329,899 1324,898"/>
          <TextEquiv conf="0.9195925">
            <Unicode>deb.</Unicode>
          </TextEquiv>
        </Word>
        <Word id="region0003_line0005_word0008" custom="readingOrder {index:8;}">
          <Coords points="1383,902 1542,902 1542,941 1383,941"/>
          <TextEquiv conf="0.91295946">
            <Unicode>BRUN-</Unicode>
          </TextEquiv>
        </Word>
        <TextEquiv>
          <Unicode>C. quomodo &amp; quando Judex ſententiam proferre deb. BRUN-</Unicode>
        </TextEquiv>
      </TextLine>
      <TextLine id="region0004_line0001" custom="readingOrder {index:11;}">
        <Coords points="858,943 853,947 851,954 712,955 650,953 587,943 538,943 522,950 491,945 485,951 471,952 463,952 458,942 442,942 437,946 435,955 426,956 415,956 399,949 375,946 254,947 254,1002 319,1001 329,997 343,997 347,1000 462,998 467,994 506,997 532,996 538,993 583,999 597,995 608,995 615,999 660,996 684,998 692,1004 701,1004 711,999 808,1001 816,997 829,998 833,1001 845,998 886,1000 911,995 917,998 935,997 948,1001 983,1003 993,1009 1005,1009 1015,998 1029,1002 1143,1003 1146,1008 1154,1010 1169,1008 1174,1003 1210,1003 1218,999 1235,1001 1242,998 1270,998 1279,1002 1299,1003 1310,1003 1316,998 1328,998 1333,1003 1478,1002 1550,1005 1549,959 1442,957 1440,950 1434,945 1421,947 1416,957 1373,956 1367,947 1350,944 1301,946 1294,949 1290,956 1285,957 1271,957 1269,949 1263,945 1240,946 1231,955 1218,950 1177,946 1167,953 1146,957 1137,950 1121,948 1085,948 1057,955 974,955 972,948 967,944 940,944 932,955 877,955 871,945"/>
        <Baseline points="254,990 1550,994"/>
        <Word id="region0004_line0001_word0000" custom="readingOrder {index:0;}">
          <Coords points="258,956 385,956 385,993 258,993"/>
          <TextEquiv conf="0.90067077">
            <Unicode>NEM.</Unicode>
          </TextEquiv>
        </Word>
        <Word id="region0004_line0001_word0001" custom="readingOrder {index:1;} textStyle {offset:0; length:2;italic:true; fontSize:0.0; kerning:0;}">
          <Coords points="404,991 454,991 454,951 435,951 435,955 426,956 415,956 404,951"/>
          <TextEquiv conf="0.87043244">
            <Unicode>ad</Unicode>
          </TextEquiv>
        </Word>
        <Word id="region0004_line0001_word0002" custom="readingOrder {index:2;} textStyle {offset:0; length:4;italic:true; fontSize:0.0; kerning:0;}">
          <Coords points="469,955 528,956 528,990 469,989"/>
          <TextEquiv conf="0.7439528">
            <Unicode>cit.</Unicode>
          </TextEquiv>
        </Word>
        <Word id="region0004_line0001_word0003" custom="readingOrder {index:3;} textStyle {offset:0; length:2;italic:true; fontSize:0.0; kerning:0;}">
          <Coords points="553,949 576,949 576,988 553,988"/>
          <TextEquiv>
            <Unicode>l.</Unicode>
          </TextEquiv>
        </Word>
        <Word id="region0004_line0001_word0004" custom="readingOrder {index:4;} textStyle {offset:0; length:2;italic:true; fontSize:0.0; kerning:0;}">
          <Coords points="589,957 621,957 621,992 589,992"/>
          <TextEquiv conf="0.42450848">
            <Unicode>8.</Unicode>
          </TextEquiv>
        </Word>
        <Word id="region0004_line0001_word0005" custom="readingOrder {index:5;} textStyle {offset:0; length:5;italic:true; fontSize:0.0; kerning:0;}">
          <Coords points="638,963 727,963 727,995 638,995"/>
          <TextEquiv>
            <Unicode>n.19.</Unicode>
          </TextEquiv>
        </Word>
        <Word id="region0004_line0001_word0006" custom="readingOrder {index:6;}">
          <Coords points="758,963 833,964 833,990 758,989"/>
          <TextEquiv conf="0.82702714">
            <Unicode>nec</Unicode>
          </TextEquiv>
        </Word>
        <Word id="region0004_line0001_word0007" custom="readingOrder {index:7;}">
          <Coords points="859,951 859,989 898,989 898,955 877,955 874,951"/>
          <TextEquiv conf="0.82702714">
            <Unicode>in</Unicode>
          </TextEquiv>
        </Word>
        <Word id="region0004_line0001_word0008" custom="readingOrder {index:8;}">
          <Coords points="934,952 932,955 921,955 921,997 935,997 948,1001 965,1002 1011,1002 1015,998 1029,1002 1073,1002 1073,952 1069,952 1057,955 974,955 973,952"/>
          <TextEquiv conf="0.91993815">
            <Unicode>allegata</Unicode>
          </TextEquiv>
        </Word>
        <Word id="region0004_line0001_word0009" custom="readingOrder {index:9;} textStyle {offset:0; length:6;italic:true; fontSize:0.0; kerning:0;}">
          <Coords points="1093,953 1093,1002 1202,1003 1202,954 1163,953 1146,957 1141,953"/>
          <TextEquiv>
            <Unicode>Conſt.</Unicode>
          </TextEquiv>
        </Word>
        <Word id="region0004_line0001_word0010" custom="readingOrder {index:10;}">
          <Coords points="1218,954 1218,994 1320,994 1320,954 1291,954 1290,956 1285,957 1271,957 1270,954 1232,954 1231,955 1228,954"/>
          <TextEquiv conf="0.9144701">
            <Unicode>aliud</Unicode>
          </TextEquiv>
        </Word>
        <Word id="region0004_line0001_word0011" custom="readingOrder {index:11;}">
          <Coords points="1336,953 1336,995 1541,996 1541,958 1442,957 1441,953 1417,953 1416,957 1373,956 1371,953"/>
          <TextEquiv conf="0.9048505">
            <Unicode>ſancitum,</Unicode>
          </TextEquiv>
        </Word>
        <TextEquiv>
          <Unicode>NEM. ad cit. l. 8. n.19. nec in allegata Conſt. aliud ſancitum,</Unicode>
        </TextEquiv>
      </TextLine>
      <TextLine id="region0004_line0002" custom="readingOrder {index:12;}">
        <Coords points="538,994 531,997 530,1003 486,1002 485,997 480,995 467,995 461,1002 450,1003 349,1005 343,998 329,998 320,1001 319,1006 254,1006 254,1051 286,1049 292,1052 336,1052 363,1051 372,1047 386,1050 396,1047 480,1049 487,1045 498,1046 503,1049 529,1049 533,1053 543,1055 554,1050 640,1049 647,1044 665,1048 682,1047 689,1051 773,1051 781,1044 794,1053 805,1053 814,1046 819,1046 826,1053 834,1048 858,1053 863,1049 891,1052 900,1047 933,1052 1051,1049 1057,1052 1093,1053 1098,1051 1133,1053 1141,1050 1154,1065 1159,1065 1163,1062 1165,1050 1202,1054 1252,1054 1259,1050 1272,1050 1277,1053 1315,1053 1320,1049 1332,1049 1339,1053 1362,1053 1373,1049 1550,1053 1550,1008 1535,1007 1334,1007 1328,999 1316,999 1308,1008 1281,1008 1280,1003 1270,999 1242,999 1235,1002 1218,1000 1211,1007 1154,1011 1110,1007 1031,1006 1025,1000 1015,999 1005,1010 993,1010 986,1007 952,1005 943,999 917,999 911,996 894,998 884,1005 870,1006 864,1006 863,1001 859,999 845,999 839,1002 838,1006 834,1006 831,1000 824,998 813,999 807,1006 692,1005 616,1003 608,996 597,996 589,1002 556,1002 550,995"/>
        <Baseline points="254,1041 1550,1043"/>
        <Word id="region0004_line0002_word0000" custom="readingOrder {index:0;}">
          <Coords points="320,1001 319,1006 259,1006 259,1041 366,1041 366,1004 349,1005 345,1001"/>
          <TextEquiv conf="0.88853145">
            <Unicode>unde</Unicode>
          </TextEquiv>
        </Word>
        <Word id="region0004_line0002_word0001" custom="readingOrder {index:1;}">
          <Coords points="462,1000 461,1002 450,1003 387,1004 387,1041 525,1042 525,1002 486,1002 485,1000"/>
          <TextEquiv conf="0.9097667">
            <Unicode>merito</Unicode>
          </TextEquiv>
        </Word>
        <Word id="region0004_line0002_word0002" custom="readingOrder {index:2;}">
          <Coords points="539,1001 539,1049 610,1049 610,1001 590,1001 589,1002 556,1002 555,1001"/>
          <TextEquiv conf="0.91222364">
            <Unicode>juri</Unicode>
          </TextEquiv>
        </Word>
        <Word id="region0004_line0002_word0003" custom="readingOrder {index:3;}">
          <Coords points="827,1047 827,1003 809,1002 807,1006 692,1005 626,1003 626,1046 644,1046 647,1044 656,1046 777,1046 781,1044 785,1046 812,1046 814,1046 819,1046 819,1046"/>
          <TextEquiv conf="0.9100216">
            <Unicode>communi</Unicode>
          </TextEquiv>
        </Word>
        <Word id="region0004_line0002_word0004" custom="readingOrder {index:4;}">
          <Coords points="845,1002 845,1046 1113,1047 1113,1007 1110,1007 1031,1006 1027,1002 1011,1002 1005,1010 993,1010 986,1007 952,1005 948,1002 888,1002 884,1005 870,1006 864,1006 863,1002"/>
          <TextEquiv>
            <Unicode>inſiſtendum,</Unicode>
          </TextEquiv>
        </Word>
        <Word id="region0004_line0002_word0005" custom="readingOrder {index:5;}">
          <Coords points="1216,1002 1211,1007 1154,1011 1146,1010 1146,1055 1149,1060 1163,1060 1165,1050 1202,1054 1252,1054 1259,1050 1272,1050 1277,1053 1315,1053 1320,1049 1332,1049 1339,1053 1362,1053 1373,1049 1381,1049 1381,1007 1334,1007 1330,1002 1313,1002 1308,1008 1281,1008 1280,1003 1277,1002 1235,1002"/>
          <TextEquiv conf="0.6779953">
            <Unicode>potiſſimum</Unicode>
          </TextEquiv>
        </Word>
        <Word id="region0004_line0002_word0006" custom="readingOrder {index:6;}">
          <Coords points="1399,1017 1488,1017 1488,1043 1399,1043"/>
          <TextEquiv conf="0.9254023">
            <Unicode>cum</Unicode>
          </TextEquiv>
        </Word>
        <Word id="region0004_line0002_word0007" custom="readingOrder {index:7;}">
          <Coords points="1505,1018 1540,1018 1540,1044 1505,1044"/>
          <TextEquiv conf="0.88104826">
            <Unicode>a-</Unicode>
          </TextEquiv>
        </Word>
        <TextEquiv>
          <Unicode>unde merito juri communi inſiſtendum, potiſſimum cum a-</Unicode>
        </TextEquiv>
      </TextLine>
      <TextLine id="region0004_line0003" custom="readingOrder {index:13;}">
        <Coords points="647,1045 640,1050 639,1055 505,1055 504,1050 498,1047 487,1046 482,1048 479,1054 437,1055 430,1055 428,1050 423,1048 396,1048 389,1056 383,1049 372,1048 362,1052 361,1057 333,1059 294,1059 293,1053 286,1050 257,1050 254,1052 253,1104 362,1103 389,1102 394,1099 411,1101 420,1098 430,1104 451,1105 462,1100 584,1098 606,1090 616,1101 653,1099 666,1095 677,1096 685,1101 720,1101 726,1097 738,1098 743,1094 749,1094 757,1101 777,1101 797,1097 807,1097 815,1101 864,1098 871,1102 909,1099 940,1102 949,1094 954,1094 961,1102 984,1102 992,1098 1018,1102 1027,1098 1042,1097 1053,1101 1088,1095 1093,1095 1101,1102 1116,1103 1201,1103 1209,1099 1223,1101 1231,1095 1238,1100 1251,1099 1258,1103 1301,1103 1315,1100 1323,1104 1351,1104 1359,1100 1378,1099 1392,1103 1439,1104 1461,1102 1468,1098 1549,1103 1550,1057 1397,1057 1395,1052 1390,1050 1373,1050 1363,1053 1361,1058 1340,1058 1335,1051 1320,1050 1314,1058 1301,1059 1280,1058 1272,1051 1259,1051 1252,1058 1185,1058 1180,1052 1165,1051 1164,1062 1154,1066 1141,1051 1132,1054 1130,1058 1123,1058 1115,1051 1098,1052 1092,1057 1060,1057 1051,1050 997,1050 991,1053 990,1057 924,1058 923,1052 919,1050 900,1048 890,1053 884,1061 875,1050 863,1050 858,1058 851,1058 848,1052 834,1049 826,1057 819,1047 814,1047 804,1057 794,1057 789,1048 781,1045 773,1052 773,1056 694,1057 689,1056 688,1051 682,1048 665,1049"/>
        <Baseline points="253,1094 567,1087 1550,1091"/>
        <Word id="region0004_line0003_word0000" custom="readingOrder {index:0;}">
          <Coords points="260,1053 260,1093 328,1093 328,1059 294,1059 293,1053"/>
          <TextEquiv conf="0.81682336">
            <Unicode>lias</Unicode>
          </TextEquiv>
        </Word>
        <Word id="region0004_line0003_word0001" custom="readingOrder {index:1;}">
          <Coords points="364,1051 362,1052 361,1057 343,1058 343,1103 356,1103 362,1103 389,1102 394,1099 411,1101 420,1098 428,1103 454,1103 462,1100 584,1098 596,1093 596,1055 505,1055 504,1051 480,1051 479,1054 437,1055 430,1055 428,1051 393,1051 389,1056 384,1051"/>
          <TextEquiv conf="0.9171263">
            <Unicode>obligationes</Unicode>
          </TextEquiv>
        </Word>
        <Word id="region0004_line0003_word0002" custom="readingOrder {index:2;}">
          <Coords points="615,1094 660,1094 661,1050 640,1050 639,1055 615,1055"/>
          <TextEquiv conf="0.92223203">
            <Unicode>ad</Unicode>
          </TextEquiv>
        </Word>
        <Word id="region0004_line0003_word0003" custom="readingOrder {index:3;}">
          <Coords points="778,1047 773,1052 773,1056 694,1057 689,1056 688,1051 682,1048 672,1048 672,1093 872,1094 872,1050 863,1050 858,1058 851,1058 848,1052 834,1049 826,1057 819,1047 813,1047 804,1057 794,1057 789,1048 787,1047"/>
          <TextEquiv>
            <Unicode>carceres,</Unicode>
          </TextEquiv>
        </Word>
        <Word id="region0004_line0003_word0004" custom="readingOrder {index:4;}">
          <Coords points="887,1094 915,1094 915,1054 889,1054 887,1057"/>
          <TextEquiv conf="0.92055076">
            <Unicode>ſi</Unicode>
          </TextEquiv>
        </Word>
        <Word id="region0004_line0003_word0005" custom="readingOrder {index:5;}">
          <Coords points="933,1069 981,1069 981,1094 933,1094"/>
          <TextEquiv conf="0.89368254">
            <Unicode>ex</Unicode>
          </TextEquiv>
        </Word>
        <Word id="region0004_line0003_word0006" custom="readingOrder {index:6;}">
          <Coords points="999,1056 998,1096 1071,1096 1071,1057 1060,1057 1058,1056"/>
          <TextEquiv conf="0.883518">
            <Unicode>illis</Unicode>
          </TextEquiv>
        </Word>
        <Word id="region0004_line0003_word0007" custom="readingOrder {index:7;}">
          <Coords points="1093,1056 1092,1057 1090,1057 1089,1095 1093,1095 1093,1095 1230,1096 1231,1095 1232,1096 1243,1096 1244,1058 1185,1058 1184,1057 1165,1056 1164,1062 1154,1066 1146,1056 1131,1056 1130,1058 1123,1058 1121,1056"/>
          <TextEquiv conf="0.88773775">
            <Unicode>debitor</Unicode>
          </TextEquiv>
        </Word>
        <Word id="region0004_line0003_word0008" custom="readingOrder {index:8;}">
          <Coords points="1261,1056 1260,1095 1301,1095 1302,1059 1301,1059 1280,1058 1278,1056"/>
          <TextEquiv conf="0.6656508">
            <Unicode>in</Unicode>
          </TextEquiv>
        </Word>
        <Word id="region0004_line0003_word0009" custom="readingOrder {index:9;}">
          <Coords points="1316,1054 1314,1058 1312,1058 1312,1095 1404,1096 1404,1057 1397,1057 1396,1054 1362,1054 1361,1058 1340,1058 1337,1054"/>
          <TextEquiv conf="0.6656508">
            <Unicode>caſu</Unicode>
          </TextEquiv>
        </Word>
        <Word id="region0004_line0003_word0010" custom="readingOrder {index:10;}">
          <Coords points="1423,1068 1541,1068 1541,1095 1423,1095"/>
          <TextEquiv conf="0.91085386">
            <Unicode>moræ</Unicode>
          </TextEquiv>
        </Word>
        <TextEquiv>
          <Unicode>lias obligationes ad carceres, ſi ex illis debitor in caſu moræ</Unicode>
        </TextEquiv>
      </TextLine>
      <TextLine id="region0004_line0004" custom="readingOrder {index:14;}">
        <Coords points="606,1091 594,1097 581,1099 577,1103 479,1103 449,1106 430,1105 417,1099 411,1102 394,1100 388,1103 386,1108 374,1109 253,1110 253,1155 301,1154 309,1150 322,1150 326,1153 344,1153 358,1157 366,1150 373,1150 383,1154 432,1153 441,1158 450,1157 455,1153 476,1153 495,1159 499,1157 502,1148 512,1147 517,1151 525,1151 533,1143 540,1144 547,1150 629,1149 639,1156 650,1148 799,1151 803,1148 815,1148 827,1151 833,1146 842,1146 849,1151 911,1151 918,1146 941,1147 946,1151 953,1151 960,1160 971,1159 978,1146 1008,1149 1030,1146 1048,1151 1156,1152 1174,1149 1181,1153 1190,1149 1201,1149 1209,1153 1304,1153 1312,1150 1362,1152 1368,1149 1381,1149 1395,1153 1396,1158 1409,1164 1424,1159 1426,1154 1449,1153 1489,1155 1504,1151 1514,1157 1549,1158 1549,1107 1505,1107 1504,1103 1498,1100 1468,1099 1459,1103 1456,1108 1393,1107 1388,1101 1378,1100 1355,1102 1348,1108 1325,1108 1315,1101 1306,1101 1300,1108 1259,1108 1258,1104 1251,1100 1238,1101 1234,1096 1223,1102 1205,1101 1199,1107 1102,1106 1093,1096 1071,1100 1059,1099 1053,1102 1045,1098 1027,1099 1014,1104 992,1099 983,1106 960,1106 960,1102 953,1095 946,1096 940,1106 928,1106 922,1101 915,1100 897,1102 893,1105 872,1105 864,1099 833,1100 827,1104 807,1098 757,1102 749,1095 743,1095 738,1099 726,1098 719,1105 687,1107 682,1099 673,1096 656,1098 650,1105 617,1106 613,1097"/>
        <Baseline points="253,1144 983,1139 1549,1147"/>
        <Word id="region0004_line0004_word0000" custom="readingOrder {index:0;}">
          <Coords points="390,1102 388,1103 386,1108 374,1109 262,1109 262,1150 309,1150 322,1150 366,1150 373,1150 466,1150 466,1104 449,1106 430,1105 423,1102 411,1102"/>
          <TextEquiv>
            <Unicode>commiſſæ</Unicode>
          </TextEquiv>
        </Word>
        <Word id="region0004_line0004_word0001" custom="readingOrder {index:1;}">
          <Coords points="555,1113 486,1112 486,1152 500,1152 502,1148 512,1147 517,1151 525,1151 533,1143 540,1144 547,1150 555,1149"/>
          <TextEquiv conf="0.90793717">
            <Unicode>per</Unicode>
          </TextEquiv>
        </Word>
        <Word id="region0004_line0004_word0002" custom="readingOrder {index:2;} textStyle {offset:0; length:6;italic:true; fontSize:0.0; kerning:0;}">
          <Coords points="602,1093 594,1097 581,1099 577,1103 575,1103 575,1149 629,1149 633,1152 644,1152 650,1148 692,1148 692,1106 687,1107 682,1099 673,1096 656,1098 650,1105 617,1106 613,1097 608,1093"/>
          <TextEquiv>
            <Unicode>Conſt.</Unicode>
          </TextEquiv>
        </Word>
        <Word id="region0004_line0004_word0003" custom="readingOrder {index:3;} textStyle {offset:0; length:4;italic:true; fontSize:0.0; kerning:0;}">
          <Coords points="740,1097 738,1099 726,1098 719,1105 703,1106 703,1142 761,1142 761,1101 757,1102 751,1097"/>
          <TextEquiv conf="0.6742638">
            <Unicode>cit.</Unicode>
          </TextEquiv>
        </Word>
        <Word id="region0004_line0004_word0004" custom="readingOrder {index:4;}">
          <Coords points="900,1101 897,1102 893,1105 872,1105 864,1099 833,1100 827,1104 807,1098 788,1099 788,1150 799,1151 803,1148 815,1148 827,1151 833,1146 842,1146 849,1151 900,1151"/>
          <TextEquiv conf="0.74145186">
            <Unicode>ſtatim</Unicode>
          </TextEquiv>
        </Word>
        <Word id="word_1666251195751_685" custom="readingOrder {index:5;}">
          <Coords points="922,1101 928,1106 940,1106 945,1097 955,1097 960,1102 960,1106 983,1106 992,1099 1013,1103 1013,1148 1008,1149 978,1146 971,1158 958,1158 953,1151 946,1151 941,1147 922,1146"/>
          <TextEquiv>
            <Unicode>capi</Unicode>
          </TextEquiv>
        </Word>
        <Word id="word_1666251195751_684" custom="readingOrder {index:6;}">
          <Coords points="1013,1103 1014,1104 1027,1099 1045,1098 1052,1101 1052,1151 1048,1151 1030,1146 1013,1148"/>
          <TextEquiv>
            <Unicode>&amp;</Unicode>
          </TextEquiv>
        </Word>
        <Word id="region0004_line0004_word0006" custom="readingOrder {index:7;}">
          <Coords points="1074,1100 1074,1143 1220,1144 1220,1101 1205,1101 1199,1107 1102,1106 1096,1100"/>
          <TextEquiv conf="0.8863007">
            <Unicode>carceri</Unicode>
          </TextEquiv>
        </Word>
        <Word id="region0004_line0004_word0007" custom="readingOrder {index:8;}">
          <Coords points="1243,1147 1385,1147 1385,1100 1378,1100 1355,1102 1348,1108 1325,1108 1315,1101 1306,1101 1300,1108 1259,1108 1258,1104 1251,1100 1243,1100"/>
          <TextEquiv conf="0.90206754">
            <Unicode>includi</Unicode>
          </TextEquiv>
        </Word>
        <Word id="region0004_line0004_word0008" custom="readingOrder {index:9;}">
          <Coords points="1458,1104 1456,1108 1405,1107 1405,1160 1421,1160 1424,1159 1426,1154 1449,1153 1489,1155 1504,1151 1514,1157 1537,1157 1537,1107 1505,1107 1504,1104"/>
          <TextEquiv conf="0.74988204">
            <Unicode>poſſet,</Unicode>
          </TextEquiv>
        </Word>
        <TextEquiv>
          <Unicode>commiſſæ per Conſt. cit. ſtatim capi &amp; carceri includi poſſet,</Unicode>
        </TextEquiv>
      </TextLine>
      <TextLine id="region0004_line0005" custom="readingOrder {index:15;}">
        <Coords points="533,1144 524,1154 518,1154 512,1148 502,1149 500,1157 495,1160 478,1155 453,1156 447,1159 434,1156 384,1157 373,1151 366,1151 358,1158 327,1158 322,1151 309,1151 300,1158 253,1160 253,1203 271,1200 286,1200 292,1203 388,1202 403,1198 408,1193 424,1200 574,1197 581,1193 591,1193 598,1198 619,1194 627,1199 661,1201 749,1200 783,1195 796,1203 807,1197 823,1196 843,1200 847,1205 856,1208 869,1207 877,1201 911,1201 926,1198 951,1200 957,1197 981,1197 991,1209 1002,1209 1007,1198 1022,1198 1027,1201 1104,1199 1111,1203 1212,1204 1234,1200 1240,1203 1244,1210 1255,1213 1267,1210 1270,1204 1285,1201 1301,1204 1345,1204 1354,1200 1371,1200 1378,1205 1402,1201 1419,1204 1443,1201 1456,1205 1476,1202 1486,1211 1495,1211 1502,1205 1549,1200 1549,1162 1514,1160 1511,1155 1504,1152 1493,1153 1488,1159 1425,1159 1409,1165 1391,1159 1388,1153 1381,1150 1368,1150 1362,1153 1312,1151 1271,1158 1210,1158 1207,1152 1201,1150 1190,1150 1183,1157 1177,1151 1162,1150 1154,1157 1049,1157 1048,1152 1040,1148 1021,1148 1011,1156 1010,1151 1005,1148 978,1147 971,1160 960,1161 954,1156 947,1156 941,1148 926,1147 918,1147 910,1155 850,1155 842,1147 833,1147 823,1157 821,1152 815,1149 803,1149 798,1156 668,1155 662,1150 650,1149 639,1157 631,1153 548,1153 542,1146"/>
        <Baseline points="253,1192 517,1187 1549,1192"/>
        <Word id="region0004_line0005_word0000" custom="readingOrder {index:0;}">
          <Coords points="307,1152 300,1158 261,1159 261,1191 488,1191 488,1157 478,1155 453,1156 447,1159 434,1156 384,1157 374,1152 364,1152 358,1158 327,1158 322,1152"/>
          <TextEquiv conf="0.8943734">
            <Unicode>celeriorem</Unicode>
          </TextEquiv>
        </Word>
        <Word id="region0004_line0005_word0001" custom="readingOrder {index:1;}">
          <Coords points="530,1147 524,1154 518,1154 512,1148 504,1149 504,1193 581,1193 581,1193 591,1193 591,1193 813,1194 813,1149 803,1149 798,1156 668,1155 662,1150 650,1149 639,1157 631,1153 548,1153 543,1147"/>
          <TextEquiv conf="0.81132245">
            <Unicode>executionem,</Unicode>
          </TextEquiv>
        </Word>
        <Word id="region0004_line0005_word0002" custom="readingOrder {index:2;}">
          <Coords points="835,1149 835,1198 843,1200 844,1202 875,1202 877,1201 911,1201 926,1198 951,1200 955,1198 955,1156 954,1156 947,1156 941,1149 916,1149 910,1155 850,1155 844,1149"/>
          <TextEquiv conf="0.81132245">
            <Unicode>quam</Unicode>
          </TextEquiv>
        </Word>
        <Word id="region0004_line0005_word0003" custom="readingOrder {index:3;}">
          <Coords points="975,1151 974,1154 974,1197 981,1197 987,1205 1003,1205 1007,1198 1022,1198 1027,1201 1050,1200 1050,1157 1049,1157 1048,1152 1046,1151 1017,1151 1011,1156 1010,1151"/>
          <TextEquiv conf="0.70785177">
            <Unicode>ipſa</Unicode>
          </TextEquiv>
        </Word>
        <Word id="region0004_line0005_word0004" custom="readingOrder {index:4;}">
          <Coords points="1157,1153 1154,1157 1079,1157 1079,1192 1223,1193 1223,1158 1210,1158 1207,1153 1186,1153 1183,1157 1179,1153"/>
          <TextEquiv conf="0.89683837">
            <Unicode>cambia</Unicode>
          </TextEquiv>
        </Word>
        <Word id="region0004_line0005_word0005" custom="readingOrder {index:5;}">
          <Coords points="1335,1156 1282,1156 1271,1158 1249,1158 1249,1206 1269,1206 1270,1204 1285,1201 1301,1204 1335,1204"/>
          <TextEquiv conf="0.9270094">
            <Unicode>poſt</Unicode>
          </TextEquiv>
        </Word>
        <Word id="region0004_line0005_word0006" custom="readingOrder {index:6;}">
          <Coords points="1359,1154 1359,1196 1394,1196 1394,1160 1391,1159 1388,1154"/>
          <TextEquiv conf="0.9280572">
            <Unicode>ſe</Unicode>
          </TextEquiv>
        </Word>
        <Word id="region0004_line0005_word0007" custom="readingOrder {index:7;}">
          <Coords points="1491,1155 1488,1159 1425,1159 1414,1163 1414,1203 1419,1204 1443,1201 1452,1204 1462,1204 1476,1202 1478,1204 1511,1204 1542,1200 1542,1161 1514,1160 1511,1155"/>
          <TextEquiv conf="0.8935743">
            <Unicode>traxis-</Unicode>
          </TextEquiv>
        </Word>
        <TextEquiv>
          <Unicode>celeriorem executionem, quam ipſa cambia poſt ſe traxis-</Unicode>
        </TextEquiv>
      </TextLine>
      <TextLine id="region0004_line0006" custom="readingOrder {index:16;}">
        <Coords points="581,1194 573,1201 471,1203 424,1203 414,1195 408,1194 395,1205 372,1209 294,1209 293,1204 289,1202 271,1201 254,1209 254,1256 365,1256 440,1249 451,1245 503,1247 512,1243 526,1247 633,1247 648,1244 661,1248 689,1249 705,1246 728,1247 734,1250 840,1251 846,1248 873,1248 895,1252 956,1253 1152,1254 1161,1251 1209,1250 1219,1254 1262,1252 1269,1255 1311,1256 1313,1261 1322,1264 1336,1260 1337,1256 1433,1256 1438,1253 1469,1256 1490,1252 1505,1255 1550,1254 1550,1210 1486,1212 1476,1203 1465,1203 1457,1209 1452,1203 1440,1202 1431,1205 1429,1209 1421,1209 1416,1203 1402,1202 1394,1204 1392,1209 1386,1210 1379,1210 1376,1203 1371,1201 1350,1202 1342,1210 1303,1210 1302,1205 1298,1203 1285,1202 1278,1205 1275,1211 1254,1214 1244,1211 1241,1205 1234,1201 1224,1201 1217,1209 1113,1209 1112,1204 1104,1200 1060,1199 1053,1202 1051,1207 1029,1207 1022,1199 1007,1199 1002,1210 991,1210 981,1198 957,1198 951,1201 926,1199 856,1209 845,1204 836,1204 823,1197 807,1198 796,1204 788,1197 773,1196 761,1200 759,1204 643,1204 627,1203 626,1199 619,1195 610,1195 600,1201 591,1194"/>
        <Baseline points="254,1245 493,1236 1550,1243"/>
        <Word id="region0004_line0006_word0000" custom="readingOrder {index:0;}">
          <Coords points="266,1203 261,1205 261,1246 367,1246 367,1209 294,1209 293,1204 291,1203"/>
          <TextEquiv conf="0.9054513">
            <Unicode>ſent,</Unicode>
          </TextEquiv>
        </Word>
        <Word id="region0004_line0006_word0001" custom="readingOrder {index:1;}">
          <Coords points="405,1196 395,1205 393,1205 393,1241 484,1241 484,1202 471,1203 424,1203 415,1196"/>
          <TextEquiv conf="0.9136344">
            <Unicode>dum</Unicode>
          </TextEquiv>
        </Word>
        <Word id="region0004_line0006_word0002" custom="readingOrder {index:2;}">
          <Coords points="505,1215 552,1215 552,1240 505,1240"/>
          <TextEquiv conf="0.9054589">
            <Unicode>ex</Unicode>
          </TextEquiv>
        </Word>
        <Word id="region0004_line0006_word0003" custom="readingOrder {index:3;}">
          <Coords points="580,1202 580,1241 639,1241 639,1203 627,1203 626,1202"/>
          <TextEquiv conf="0.9054589">
            <Unicode>his</Unicode>
          </TextEquiv>
        </Word>
        <Word id="region0004_line0006_word0004" custom="readingOrder {index:4;}">
          <Coords points="657,1216 744,1216 744,1244 657,1244"/>
          <TextEquiv conf="0.927146">
            <Unicode>ante</Unicode>
          </TextEquiv>
        </Word>
        <Word id="region0004_line0006_word0005" custom="readingOrder {index:5;}">
          <Coords points="761,1204 761,1244 900,1245 900,1205 884,1204 856,1209 846,1204"/>
          <TextEquiv conf="0.9151011">
            <Unicode>feſtum</Unicode>
          </TextEquiv>
        </Word>
        <Word id="region0004_line0006_word0006" custom="readingOrder {index:6;}">
          <Coords points="927,1204 927,1246 1125,1247 1125,1209 1113,1209 1112,1204 1051,1204 1051,1207 1029,1207 1026,1204 1004,1204 1002,1210 991,1210 986,1204"/>
          <TextEquiv>
            <Unicode>Michaëlis</Unicode>
          </TextEquiv>
        </Word>
        <Word id="region0004_line0006_word0007" custom="readingOrder {index:7;}">
          <Coords points="1148,1245 1237,1245 1237,1205 1220,1205 1217,1209 1148,1209"/>
          <TextEquiv conf="0.89720106">
            <Unicode>anni</Unicode>
          </TextEquiv>
        </Word>
        <Word id="region0004_line0006_word0008" custom="readingOrder {index:8;}">
          <Coords points="1278,1205 1275,1211 1262,1212 1262,1252 1269,1255 1311,1256 1311,1258 1336,1258 1337,1256 1372,1256 1372,1205 1347,1205 1342,1210 1303,1210 1302,1205"/>
          <TextEquiv conf="0.89720106">
            <Unicode>elapſi</Unicode>
          </TextEquiv>
        </Word>
        <Word id="region0004_line0006_word0009" custom="readingOrder {index:9;}">
          <Coords points="1393,1206 1392,1209 1388,1209 1388,1245 1540,1246 1540,1210 1486,1212 1480,1206 1460,1206 1457,1209 1454,1206 1430,1206 1429,1209 1421,1209 1418,1206"/>
          <TextEquiv conf="0.91070193">
            <Unicode>debito-</Unicode>
          </TextEquiv>
        </Word>
        <TextEquiv>
          <Unicode>ſent, dum ex his ante feſtum Michaëlis anni elapſi debito-</Unicode>
        </TextEquiv>
      </TextLine>
      <TextLine id="region0004_line0007" custom="readingOrder {index:17;}">
        <Coords points="512,1244 504,1247 502,1253 472,1251 465,1246 451,1246 438,1251 406,1256 254,1259 254,1305 277,1305 284,1299 294,1299 302,1304 310,1304 317,1300 329,1300 334,1303 419,1302 437,1297 451,1301 499,1301 544,1294 556,1294 561,1297 598,1294 607,1299 617,1300 722,1302 820,1303 827,1298 841,1302 863,1298 873,1304 881,1304 887,1311 896,1312 905,1310 909,1304 964,1300 988,1300 1008,1305 1026,1305 1030,1302 1048,1305 1071,1301 1130,1305 1147,1300 1153,1300 1161,1305 1198,1302 1205,1306 1316,1306 1332,1302 1346,1302 1351,1305 1530,1306 1537,1299 1544,1299 1550,1305 1550,1260 1507,1260 1499,1253 1486,1254 1479,1261 1459,1261 1458,1257 1452,1254 1438,1254 1432,1261 1335,1261 1322,1265 1312,1261 1272,1260 1270,1256 1262,1253 1253,1255 1249,1260 1221,1260 1218,1254 1209,1251 1161,1252 1150,1255 1146,1261 1140,1261 884,1257 873,1249 846,1249 834,1257 737,1256 735,1251 728,1248 705,1247 696,1250 695,1254 685,1254 664,1251 648,1245 619,1251 527,1252 524,1246"/>
        <Baseline points="254,1294 543,1286 1550,1295"/>
        <Word id="region0004_line0007_word0000" custom="readingOrder {index:0;}">
          <Coords points="260,1262 319,1262 319,1290 260,1290"/>
          <TextEquiv conf="0.9264886">
            <Unicode>res</Unicode>
          </TextEquiv>
        </Word>
        <Word id="region0004_line0007_word0001" custom="readingOrder {index:1;}">
          <Coords points="342,1263 425,1263 425,1291 342,1291"/>
          <TextEquiv conf="0.90055275">
            <Unicode>non</Unicode>
          </TextEquiv>
        </Word>
        <Word id="region0004_line0007_word0002" custom="readingOrder {index:2;}">
          <Coords points="445,1248 439,1250 439,1290 561,1291 561,1251 527,1252 525,1248 503,1248 502,1253 472,1251 468,1248"/>
          <TextEquiv conf="0.9119469">
            <Unicode>ſtatim</Unicode>
          </TextEquiv>
        </Word>
        <Word id="region0004_line0007_word0003" custom="readingOrder {index:3;}">
          <Coords points="619,1251 582,1251 582,1292 761,1292 761,1256 737,1256 735,1251 695,1251 695,1254 685,1254 664,1251"/>
          <TextEquiv conf="0.8839447">
            <Unicode>cuſtodiæ</Unicode>
          </TextEquiv>
        </Word>
        <Word id="region0004_line0007_word0004" custom="readingOrder {index:4;}">
          <Coords points="779,1290 875,1291 875,1251 843,1250 834,1257 779,1256"/>
          <TextEquiv conf="0.90323645">
            <Unicode>tradi</Unicode>
          </TextEquiv>
        </Word>
        <Word id="region0004_line0007_word0005" custom="readingOrder {index:5;}">
          <Coords points="1124,1304 1124,1263 891,1262 891,1303 920,1303 964,1300 988,1300 1001,1303 1027,1303 1030,1302 1039,1303 1055,1303 1071,1301 1114,1303"/>
          <TextEquiv conf="0.8789284">
            <Unicode>potuerunt,</Unicode>
          </TextEquiv>
        </Word>
        <Word id="region0004_line0007_word0006" custom="readingOrder {index:6;}">
          <Coords points="1149,1293 1214,1293 1214,1253 1157,1253 1150,1255 1149,1256"/>
          <TextEquiv conf="0.8286821">
            <Unicode>ſed</Unicode>
          </TextEquiv>
        </Word>
        <Word id="region0004_line0007_word0007" custom="readingOrder {index:7;}">
          <Coords points="1252,1256 1249,1260 1233,1260 1233,1293 1320,1293 1320,1264 1312,1261 1272,1260 1270,1256"/>
          <TextEquiv conf="0.87171686">
            <Unicode>ante</Unicode>
          </TextEquiv>
        </Word>
        <Word id="region0004_line0007_word0008" custom="readingOrder {index:8;}">
          <Coords points="1437,1254 1432,1261 1342,1261 1342,1292 1473,1293 1473,1261 1459,1261 1458,1257 1453,1254"/>
          <TextEquiv conf="0.82881045">
            <Unicode>omnia</Unicode>
          </TextEquiv>
        </Word>
        <Word id="region0004_line0007_word0009" custom="readingOrder {index:9;}">
          <Coords points="1488,1255 1488,1292 1537,1292 1537,1260 1507,1260 1501,1255"/>
          <TextEquiv conf="0.9239268">
            <Unicode>le-</Unicode>
          </TextEquiv>
        </Word>
        <TextEquiv>
          <Unicode>res non ſtatim cuſtodiæ tradi potuerunt, ſed ante omnia le-</Unicode>
        </TextEquiv>
      </TextLine>
      <TextLine id="region0004_line0008" custom="readingOrder {index:18;}">
        <Coords points="544,1295 524,1297 518,1304 494,1306 453,1306 452,1302 437,1298 430,1301 428,1307 391,1309 342,1309 335,1308 329,1301 317,1301 309,1308 303,1308 294,1300 284,1300 276,1308 254,1308 254,1364 274,1364 280,1357 285,1356 302,1361 314,1357 344,1355 348,1352 430,1354 436,1350 445,1350 451,1353 477,1353 496,1353 505,1348 515,1350 538,1346 576,1346 582,1350 631,1352 638,1352 644,1347 652,1347 659,1352 723,1348 746,1348 753,1351 790,1348 810,1352 826,1349 835,1352 847,1348 853,1352 887,1356 893,1351 916,1355 926,1346 932,1350 943,1349 950,1355 970,1355 979,1350 994,1355 1001,1349 1010,1350 1016,1355 1023,1355 1028,1350 1035,1349 1044,1355 1085,1355 1090,1352 1116,1356 1122,1351 1128,1351 1138,1353 1144,1360 1152,1359 1154,1356 1170,1356 1178,1350 1198,1351 1202,1357 1210,1357 1220,1350 1238,1353 1274,1350 1302,1354 1308,1353 1314,1346 1326,1351 1345,1351 1350,1346 1358,1345 1364,1350 1413,1353 1493,1348 1535,1349 1546,1352 1550,1349 1550,1306 1544,1300 1537,1300 1529,1310 1494,1308 1368,1310 1352,1310 1346,1303 1332,1303 1326,1310 1220,1310 1206,1309 1198,1303 1182,1304 1178,1309 1163,1309 1153,1301 1138,1302 1127,1307 1097,1303 1071,1302 1048,1306 1030,1303 1025,1308 997,1308 988,1301 964,1301 946,1304 943,1309 916,1308 896,1313 874,1310 873,1305 863,1299 841,1303 827,1299 819,1304 818,1308 761,1308 612,1305 598,1295 581,1296 573,1302 562,1302 556,1295"/>
        <Baseline points="254,1352 547,1338 1155,1346 1550,1339"/>
        <Word id="region0004_line0008_word0000" custom="readingOrder {index:0;}">
          <Coords points="393,1308 391,1309 342,1309 335,1308 329,1301 317,1301 309,1308 303,1308 294,1300 284,1300 276,1308 260,1308 260,1355 344,1355 348,1352 393,1353"/>
          <TextEquiv conf="0.91137016">
            <Unicode>gitime</Unicode>
          </TextEquiv>
        </Word>
        <Word id="region0004_line0008_word0001" custom="readingOrder {index:1;}">
          <Coords points="429,1302 428,1307 412,1307 412,1345 554,1346 554,1303 519,1302 518,1304 494,1306 453,1306 452,1302"/>
          <TextEquiv conf="0.61653996">
            <Unicode>citandi</Unicode>
          </TextEquiv>
        </Word>
        <Word id="region0004_line0008_word0002" custom="readingOrder {index:2;}">
          <Coords points="575,1303 575,1346 576,1346 580,1349 641,1349 644,1347 652,1347 654,1349 707,1349 723,1348 746,1348 748,1349 759,1349 759,1307 612,1305 609,1303"/>
          <TextEquiv conf="0.9041172">
            <Unicode>fuerunt,</Unicode>
          </TextEquiv>
        </Word>
        <Word id="region0004_line0008_word0003" custom="readingOrder {index:3;}">
          <Coords points="822,1302 819,1304 818,1308 798,1308 798,1347 872,1347 872,1304 868,1302 846,1302 841,1303 837,1302"/>
          <TextEquiv conf="0.80122">
            <Unicode>niſi</Unicode>
          </TextEquiv>
        </Word>
        <Word id="region0004_line0008_word0004" custom="readingOrder {index:4;}">
          <Coords points="944,1307 943,1309 916,1308 896,1313 880,1310 880,1350 921,1350 926,1346 932,1350 943,1349 944,1350 979,1350 999,1350 1001,1349 1010,1350 1028,1350 1035,1349 1036,1350 1056,1350 1056,1307 1026,1307 1025,1308 997,1308 995,1307"/>
          <TextEquiv>
            <Unicode>creditor</Unicode>
          </TextEquiv>
        </Word>
        <Word id="region0004_line0008_word0005" custom="readingOrder {index:5;}">
          <Coords points="1072,1305 1072,1355 1085,1355 1090,1352 1116,1356 1122,1351 1128,1351 1138,1353 1141,1356 1154,1356 1154,1356 1170,1356 1178,1350 1198,1351 1202,1357 1211,1357 1220,1350 1238,1353 1274,1350 1302,1354 1308,1353 1309,1352 1309,1310 1220,1310 1206,1309 1201,1306 1181,1305 1178,1309 1163,1309 1158,1305 1131,1305 1127,1307 1113,1305"/>
          <TextEquiv conf="0.8963651">
            <Unicode>Reſcriptum</Unicode>
          </TextEquiv>
        </Word>
        <Word id="region0004_line0008_word0006" custom="readingOrder {index:6;}">
          <Coords points="1545,1351 1545,1302 1535,1301 1529,1310 1494,1308 1368,1310 1352,1310 1346,1303 1335,1303 1335,1350 1345,1350 1350,1346 1358,1345 1364,1350 1366,1350 1452,1350 1493,1348 1535,1349 1542,1350"/>
          <TextEquiv conf="0.81171453">
            <Unicode>incarcera-</Unicode>
          </TextEquiv>
        </Word>
        <TextEquiv>
          <Unicode>gitime citandi fuerunt, niſi creditor Reſcriptum incarcera-</Unicode>
        </TextEquiv>
      </TextLine>
      <TextLine id="region0004_line0009" custom="readingOrder {index:19;}">
        <Coords points="1353,1346 1345,1352 1326,1352 1314,1347 1308,1354 1302,1355 1274,1351 1258,1354 1220,1351 1210,1358 1202,1358 1198,1352 1178,1351 1169,1360 1149,1361 1144,1361 1138,1354 1128,1352 1120,1353 1115,1360 1106,1360 1100,1354 1090,1353 1083,1359 1045,1359 1037,1350 1028,1351 1022,1359 1017,1359 1010,1351 1001,1350 993,1359 987,1352 979,1351 964,1360 951,1360 945,1351 932,1351 926,1347 917,1354 916,1360 902,1352 893,1352 883,1357 877,1354 853,1353 847,1349 835,1353 826,1350 810,1353 798,1350 758,1352 723,1349 668,1356 660,1356 654,1349 644,1348 637,1356 583,1356 582,1351 576,1347 538,1347 515,1351 505,1349 495,1356 488,1356 453,1357 448,1352 436,1351 428,1358 410,1354 402,1359 383,1360 368,1360 365,1354 348,1353 343,1356 342,1362 296,1362 285,1357 280,1358 274,1365 254,1365 253,1403 283,1405 286,1402 348,1402 360,1397 365,1400 366,1405 387,1403 402,1412 410,1413 419,1403 433,1407 441,1406 444,1410 451,1411 462,1405 510,1404 517,1400 570,1401 574,1398 587,1398 592,1408 607,1411 614,1407 616,1402 632,1403 649,1398 657,1403 694,1405 703,1405 709,1400 715,1400 722,1405 739,1400 747,1411 752,1412 778,1400 789,1410 791,1404 799,1401 812,1401 814,1410 818,1410 830,1401 856,1404 893,1402 900,1398 909,1402 919,1400 929,1403 942,1400 945,1402 947,1413 968,1410 970,1405 1037,1401 1041,1404 1062,1406 1081,1404 1086,1409 1094,1409 1099,1406 1307,1405 1312,1409 1318,1409 1324,1416 1334,1415 1340,1405 1352,1405 1360,1406 1366,1416 1376,1417 1383,1405 1418,1405 1423,1417 1433,1418 1440,1414 1442,1405 1520,1404 1550,1397 1550,1359 1535,1350 1493,1349 1413,1354 1372,1352"/>
        <Baseline points="254,1394 1371,1396 1550,1390"/>
        <Word id="region0004_line0009_word0000" custom="readingOrder {index:0;}">
          <Coords points="342,1357 342,1362 296,1362 285,1357 280,1358 274,1365 260,1365 260,1402 286,1402 348,1402 360,1397 365,1400 365,1402 380,1402 380,1360 368,1360 366,1357"/>
          <TextEquiv conf="0.586457">
            <Unicode>tionis</Unicode>
          </TextEquiv>
        </Word>
        <Word id="region0004_line0009_word0001" custom="readingOrder {index:1;}">
          <Coords points="407,1356 402,1359 398,1359 397,1406 416,1406 419,1403 431,1406 438,1406 441,1406 441,1406 459,1407 462,1405 510,1404 511,1403 512,1357 467,1357 453,1357 452,1356 430,1356 428,1358 420,1356"/>
          <TextEquiv>
            <Unicode>(einen</Unicode>
          </TextEquiv>
        </Word>
        <Word id="word_1666251288153_720" custom="readingOrder {index:2;}">
          <Coords points="535,1357 720,1356 867,1357 866,1403 818,1410 753,1411 747,1411 607,1411 534,1400"/>
          <TextEquiv>
            <Unicode>Captur-Befehl)</Unicode>
          </TextEquiv>
        </Word>
        <Word id="region0004_line0009_word0004" custom="readingOrder {index:3;}">
          <Coords points="920,1351 917,1354 916,1360 902,1352 893,1352 891,1352 891,1402 893,1402 900,1398 909,1402 919,1400 929,1403 942,1400 945,1402 946,1411 959,1411 968,1410 970,1405 1037,1401 1041,1404 1062,1406 1081,1404 1086,1409 1094,1409 1099,1406 1165,1405 1165,1360 1149,1361 1144,1361 1138,1354 1128,1352 1120,1353 1115,1360 1106,1360 1100,1354 1090,1353 1083,1359 1045,1359 1038,1351 1027,1351 1022,1359 1017,1359 1010,1351 999,1351 993,1359 987,1352 981,1351 978,1351 964,1360 951,1360 945,1351"/>
          <TextEquiv conf="0.83369917">
            <Unicode>impetraverit.</Unicode>
          </TextEquiv>
        </Word>
        <Word id="region0004_line0009_word0005" custom="readingOrder {index:4;}">
          <Coords points="1179,1355 1178,1405 1307,1405 1310,1408 1321,1408 1322,1355 1302,1355 1214,1355 1210,1358 1202,1358 1200,1355"/>
          <TextEquiv conf="0.6484318">
            <Unicode>Illuſtr.</Unicode>
          </TextEquiv>
        </Word>
        <Word id="word_1666251313025_738" custom="readingOrder {index:5;}">
          <Coords points="1327,1354 1412,1355 1544,1362 1543,1398 1520,1404 1376,1417 1326,1415"/>
          <TextEquiv>
            <Unicode>GRIEB-</Unicode>
          </TextEquiv>
        </Word>
        <TextEquiv>
          <Unicode>tionis (einen Captur-Befehl) impetraverit. Illuſtr. GRIEB-</Unicode>
        </TextEquiv>
      </TextLine>
      <TextLine id="region0004_line0010" custom="readingOrder {index:20;}">
        <Coords points="898,1399 893,1403 856,1405 830,1402 818,1411 813,1410 812,1402 799,1402 793,1404 789,1411 778,1401 768,1410 752,1413 747,1412 739,1401 723,1406 715,1401 709,1401 702,1409 658,1409 657,1404 649,1399 634,1402 631,1409 613,1408 607,1412 592,1409 587,1399 574,1399 568,1405 536,1406 529,1401 517,1401 508,1407 473,1407 451,1412 434,1411 429,1405 419,1404 410,1414 394,1414 393,1408 387,1404 366,1406 360,1398 348,1403 286,1403 283,1406 253,1404 253,1460 337,1459 340,1466 356,1466 360,1459 367,1458 382,1458 388,1464 396,1464 403,1458 450,1456 457,1465 470,1465 481,1463 486,1453 541,1451 552,1455 564,1453 576,1467 596,1466 599,1463 635,1466 661,1455 692,1452 696,1453 698,1461 706,1466 723,1465 731,1456 736,1456 741,1466 756,1466 761,1454 785,1457 803,1466 825,1466 839,1462 842,1467 865,1467 871,1457 885,1456 891,1467 901,1467 916,1466 924,1455 939,1456 941,1466 964,1466 966,1454 971,1457 980,1457 984,1454 1025,1454 1030,1463 1046,1465 1053,1464 1059,1459 1064,1464 1072,1464 1078,1458 1089,1462 1099,1463 1105,1459 1162,1459 1189,1463 1257,1461 1263,1452 1269,1452 1275,1446 1275,1415 1269,1409 1150,1406 1077,1410 1063,1409 1059,1406 1043,1409 1037,1402 1024,1402 1015,1410 976,1413 969,1410 947,1414 942,1401 929,1404 919,1401 909,1403"/>
        <Baseline points="253,1449 411,1449 502,1442 599,1448 1271,1450"/>
        <Word id="region0004_line0010_word0000" custom="readingOrder {index:0;}">
          <Coords points="260,1405 260,1459 337,1459 339,1465 356,1465 360,1459 367,1458 382,1458 388,1464 396,1464 398,1462 398,1414 394,1414 393,1408 388,1405 376,1405 366,1406 365,1405 284,1405 283,1406 268,1405"/>
          <TextEquiv>
            <Unicode>NER.</Unicode>
          </TextEquiv>
        </Word>
        <Word id="region0004_line0010_word0001" custom="readingOrder {index:1;}">
          <Coords points="411,1451 450,1451 450,1412 411,1412 411,1412"/>
          <TextEquiv conf="0.9266204">
            <Unicode>in</Unicode>
          </TextEquiv>
        </Word>
        <Word id="region0004_line0010_word0002" custom="readingOrder {index:2;}">
          <Coords points="468,1408 460,1410 460,1465 470,1465 481,1463 486,1453 541,1451 552,1455 564,1453 576,1467 581,1467 596,1466 599,1463 618,1465 618,1409 612,1409 607,1412 592,1409 592,1409"/>
          <TextEquiv conf="0.8675919">
            <Unicode>princip.</Unicode>
          </TextEquiv>
        </Word>
        <Word id="region0004_line0010_word0003" custom="readingOrder {index:3;}">
          <Coords points="635,1407 635,1462 644,1462 661,1455 692,1452 696,1453 698,1461 699,1462 703,1462 703,1407 702,1409 658,1409 657,1407"/>
          <TextEquiv conf="0.9114859">
            <Unicode>jur.</Unicode>
          </TextEquiv>
        </Word>
        <Word id="region0004_line0010_word0004" custom="readingOrder {index:4;}">
          <Coords points="735,1402 723,1406 721,1404 721,1465 723,1465 731,1456 736,1456 741,1466 756,1466 761,1454 785,1457 803,1466 825,1466 839,1462 842,1467 860,1467 860,1404 856,1405 837,1402 828,1402 818,1411 813,1410 812,1402 797,1402 793,1404 789,1411 779,1402 776,1402 768,1410 752,1413 747,1412 739,1402"/>
          <TextEquiv>
            <Unicode>proceſſ.</Unicode>
          </TextEquiv>
        </Word>
        <Word id="region0004_line0010_word0005" custom="readingOrder {index:5;}">
          <Coords points="877,1407 877,1456 885,1456 891,1467 901,1467 916,1466 924,1455 939,1456 941,1466 964,1466 966,1454 971,1457 980,1457 984,1454 1025,1454 1030,1463 1046,1465 1053,1464 1059,1459 1064,1464 1072,1464 1077,1459 1077,1410 1063,1409 1060,1407 1053,1407 1043,1409 1041,1407 1018,1407 1015,1410 976,1413 969,1410 947,1414 944,1407"/>
          <TextEquiv>
            <Unicode>Lib.2.cap.</Unicode>
          </TextEquiv>
        </Word>
        <Word id="region0004_line0010_word0006" custom="readingOrder {index:6;}">
          <Coords points="1090,1423 1124,1424 1124,1459 1090,1458"/>
          <TextEquiv conf="0.83558595">
            <Unicode>5.</Unicode>
          </TextEquiv>
        </Word>
        <Word id="region0004_line0010_word0007" custom="readingOrder {index:7;}">
          <Coords points="1147,1417 1178,1417 1178,1455 1147,1455"/>
          <TextEquiv>
            <Unicode>§.</Unicode>
          </TextEquiv>
        </Word>
        <Word id="region0004_line0010_word0008" custom="readingOrder {index:8;}">
          <Coords points="1264,1423 1191,1423 1191,1459 1258,1459 1263,1452 1264,1452"/>
          <TextEquiv conf="0.86985517">
            <Unicode>5.</Unicode>
          </TextEquiv>
        </Word>
        <TextEquiv>
          <Unicode>NER. in princip. jur. proceſſ. Lib.2.cap. 5. §. 5.</Unicode>
        </TextEquiv>
      </TextLine>
      <TextEquiv>
        <Unicode>debiti in maſculo &amp; fœmina obtinente hic Lipſiæ die 3. Dec. 1723.
habita §. 5. per verba Conſt. Elect. 21. part. 2. ſondern daß der
Glaͤubiger vermittelſt des Richters oder der Obrigkeit
Huͤlffe durch die vorhergehende Vereinigung die Execu-
tion ſuchen ſoll, aſſerere voluerit, judicem tali caſu pro im-
petranda ejus familia adeundum eſſe, cum miniſterio ejus
debitor &amp; capiatur &amp; includatur; verba tamen iſta Conſt. le-
gitime capienda, ita ut præviam citationem non excludant;
expediti namque juris eſt, in cauſa civili citationem realem
regulariter prohiberi a. I. 10. §. 16. ff. quæ in fraud. credit. I. 8.
C. quomodo &amp; quando Judex ſententiam proferre deb. BRUN-
NEM. ad cit. l. 8. n.19. nec in allegata Conſt. aliud ſancitum,
unde merito juri communi inſiſtendum, potiſſimum cum a-
lias obligationes ad carceres, ſi ex illis debitor in caſu moræ
commiſſæ per Conſt. cit. ſtatim capi &amp; carceri includi poſſet,
celeriorem executionem, quam ipſa cambia poſt ſe traxis-
ſent, dum ex his ante feſtum Michaëlis anni elapſi debito-
res non ſtatim cuſtodiæ tradi potuerunt, ſed ante omnia le-
gitime citandi fuerunt, niſi creditor Reſcriptum incarcera-
tionis (einen Captur-Befehl) impetraverit. Illuſtr. GRIEB-
NER. in princip. jur. proceſſ. Lib.2.cap. 5. §. 5.</Unicode>
      </TextEquiv>
    </TextRegion>
    <TextRegion orientation="-0.18941337" type="heading" readingDirection="left-to-right" id="region0005" custom="readingOrder {index:3;} structure {type:heading;}">
      <Coords points="826,1483 976,1483 976,1542 826,1542"/>
      <TextLine id="region0005_line0001" custom="readingOrder {index:0;}">
        <Coords points="847,1483 826,1486 826,1541 975,1535 975,1483"/>
        <Word id="region0005_line0001_word0000" custom="readingOrder {index:0;}">
          <Coords points="869,1507 832,1507 832,1540 869,1539"/>
          <TextEquiv>
            <Unicode>§.</Unicode>
          </TextEquiv>
        </Word>
        <Word id="region0005_line0001_word0001" custom="readingOrder {index:1;}">
          <Coords points="972,1493 896,1493 896,1524 972,1521"/>
          <TextEquiv conf="0.71837336">
            <Unicode>IV.</Unicode>
          </TextEquiv>
        </Word>
        <TextEquiv>
          <Unicode>§. IV.</Unicode>
        </TextEquiv>
      </TextLine>
      <TextEquiv>
        <Unicode>§. IV.</Unicode>
      </TextEquiv>
    </TextRegion>
    <TextRegion orientation="-0.18941337" readingDirection="left-to-right" id="TextRegion_1666250528786_355" custom="readingOrder {index:4;}">
      <Coords points="254,1543 1538,1543 1547,1791 1551,2207 259,2207 254,1808"/>
      <TextLine id="line_1666250521044_349" custom="readingOrder {index:0;}">
        <Coords points="362,1545 384,1543 477,1544 498,1554 526,1555 659,1552 666,1551 670,1543 690,1543 694,1552 809,1553 812,1544 832,1544 837,1553 853,1553 891,1551 895,1548 930,1551 936,1543 964,1543 967,1551 1029,1552 1036,1544 1120,1544 1132,1553 1166,1554 1171,1543 1189,1543 1193,1554 1209,1554 1233,1553 1249,1543 1315,1543 1350,1553 1353,1544 1426,1544 1430,1554 1515,1554 1523,1552 1529,1544 1537,1544 1538,1544 1538,1596 1534,1596 1527,1602 1514,1599 1403,1601 1382,1597 1345,1598 1339,1601 1317,1598 1309,1600 1288,1600 1271,1596 1262,1599 1232,1600 1070,1600 1054,1596 1046,1600 1022,1600 1006,1598 1001,1594 992,1593 985,1599 919,1599 904,1596 894,1600 866,1600 862,1603 853,1603 849,1600 782,1599 775,1596 733,1600 621,1599 611,1600 608,1606 600,1609 588,1608 583,1597 573,1597 567,1601 492,1601 487,1607 471,1608 464,1601 413,1601 370,1596 357,1582 358,1548"/>
        <Baseline points="360,1585 1538,1590"/>
        <Word id="region0007_line0001_word0000" custom="readingOrder {index:0;}">
          <Coords points="429,1553 429,1601 464,1601 467,1604 489,1604 492,1601 567,1601 571,1598 571,1553 526,1555 498,1554 495,1553"/>
          <TextEquiv conf="0.9137378">
            <Unicode>Operæ</Unicode>
          </TextEquiv>
        </Word>
        <Word id="region0007_line0001_word0001" custom="readingOrder {index:1;}">
          <Coords points="666,1550 666,1551 659,1552 588,1554 588,1603 609,1603 611,1600 621,1599 733,1600 753,1598 753,1553 694,1552 693,1551"/>
          <TextEquiv conf="0.9015438">
            <Unicode>pretium</Unicode>
          </TextEquiv>
        </Word>
        <Word id="region0007_line0001_word0002" custom="readingOrder {index:2;}">
          <Coords points="809,1552 809,1553 776,1552 776,1596 777,1597 865,1597 865,1552 853,1553 837,1553 836,1552"/>
          <TextEquiv conf="0.9127145">
            <Unicode>erit,</Unicode>
          </TextEquiv>
        </Word>
        <Word id="region0007_line0001_word0003" custom="readingOrder {index:3;}">
          <Coords points="1015,1594 1015,1552 892,1551 892,1593 991,1593 992,1593 999,1593"/>
          <TextEquiv conf="0.90591574">
            <Unicode>caſum</Unicode>
          </TextEquiv>
        </Word>
        <Word id="region0007_line0001_word0004" custom="readingOrder {index:4;}">
          <Coords points="1044,1567 1057,1567 1057,1595 1044,1595"/>
          <TextEquiv conf="0.90591574">
            <Unicode>a</Unicode>
          </TextEquiv>
        </Word>
        <Word id="region0007_line0001_word0005" custom="readingOrder {index:5;}">
          <Coords points="1066,1553 1066,1595 1243,1595 1243,1553 1233,1553 1209,1554 1193,1554 1192,1553 1166,1553 1166,1554 1132,1553"/>
          <TextEquiv conf="0.9115883">
            <Unicode>Domino</Unicode>
          </TextEquiv>
        </Word>
        <Word id="region0007_line0001_word0006" custom="readingOrder {index:6;}">
          <Coords points="1280,1554 1436,1555 1436,1597 1280,1596"/>
          <TextEquiv conf="0.9161209">
            <Unicode>Præſide</Unicode>
          </TextEquiv>
        </Word>
        <Word id="region0007_line0001_word0007" custom="readingOrder {index:7;}">
          <Coords points="1464,1566 1528,1566 1528,1594 1464,1594"/>
          <TextEquiv conf="0.9302638">
            <Unicode>me-</Unicode>
          </TextEquiv>
        </Word>
        <TextEquiv>
          <Unicode>Operæ pretium erit, caſum a Domino Præſide me-</Unicode>
        </TextEquiv>
      </TextLine>
      <TextLine id="line_1666250521030_333" custom="readingOrder {index:1;}">
        <Coords points="255,1606 267,1605 465,1605 471,1609 482,1609 491,1605 566,1606 573,1598 583,1598 588,1609 600,1610 610,1605 750,1604 760,1597 779,1598 785,1605 891,1604 904,1597 916,1598 921,1603 940,1600 944,1603 984,1603 992,1594 1001,1595 1008,1603 1036,1603 1061,1597 1071,1603 1101,1605 1254,1605 1271,1597 1288,1601 1327,1599 1338,1604 1345,1599 1382,1598 1390,1602 1391,1607 1527,1607 1531,1599 1538,1597 1538,1654 1491,1652 1484,1648 1474,1648 1466,1652 1416,1652 1409,1648 1384,1648 1369,1653 1306,1652 1291,1648 1281,1652 1210,1651 1209,1656 1204,1659 1187,1659 1177,1653 1117,1653 1101,1652 1091,1648 1074,1648 1069,1651 1002,1651 1000,1655 989,1658 976,1656 970,1651 877,1650 870,1646 850,1649 833,1646 826,1650 795,1647 788,1651 579,1650 570,1644 550,1649 438,1649 409,1645 403,1647 348,1648 336,1645 318,1646 311,1650 294,1647 280,1651 255,1650"/>
        <Baseline points="255,1640 1538,1643"/>
        <Word id="region0007_line0002_word0000" custom="readingOrder {index:0;}">
          <Coords points="262,1611 353,1611 353,1640 262,1640"/>
          <TextEquiv conf="0.34452102">
            <Unicode>cum</Unicode>
          </TextEquiv>
        </Word>
        <Word id="region0007_line0002_word0001" custom="readingOrder {index:1;}">
          <Coords points="571,1600 566,1606 491,1605 482,1609 471,1609 465,1605 383,1605 383,1638 715,1640 715,1604 610,1605 600,1610 588,1609 584,1600"/>
          <TextEquiv conf="0.8792927">
            <Unicode>communicatum</Unicode>
          </TextEquiv>
        </Word>
        <Word id="region0007_line0002_word0002" custom="readingOrder {index:2;}">
          <Coords points="753,1602 753,1641 947,1641 947,1603 944,1603 942,1602 927,1602 921,1603 920,1602 894,1602 891,1604 785,1605 782,1602"/>
          <TextEquiv>
            <Unicode>ſententiæ</Unicode>
          </TextEquiv>
        </Word>
        <Word id="region0007_line0002_word0003" custom="readingOrder {index:3;}">
          <Coords points="990,1596 984,1603 980,1603 980,1652 1001,1652 1002,1651 1069,1651 1074,1648 1091,1648 1101,1652 1113,1652 1151,1653 1151,1605 1101,1605 1071,1603 1061,1597 1036,1603 1008,1603 1001,1596"/>
          <TextEquiv conf="0.88092667">
            <Unicode>prolatæ,</Unicode>
          </TextEquiv>
        </Word>
        <Word id="region0007_line0002_word0004" custom="readingOrder {index:4;}">
          <Coords points="1283,1603 1258,1603 1254,1605 1176,1605 1176,1652 1209,1652 1210,1651 1281,1652 1283,1651"/>
          <TextEquiv conf="0.92335325">
            <Unicode>quod</Unicode>
          </TextEquiv>
        </Word>
        <Word id="region0007_line0002_word0005" custom="readingOrder {index:5;}">
          <Coords points="1308,1603 1308,1643 1448,1644 1448,1607 1391,1607 1390,1603 1339,1603 1338,1604 1336,1603"/>
          <TextEquiv conf="0.9178006">
            <Unicode>ſcilicet</Unicode>
          </TextEquiv>
        </Word>
        <Word id="region0007_line0002_word0006" custom="readingOrder {index:6;}">
          <Coords points="1482,1613 1519,1613 1519,1640 1482,1640"/>
          <TextEquiv conf="0.912397">
            <Unicode>ex</Unicode>
          </TextEquiv>
        </Word>
        <TextEquiv>
          <Unicode>cum communicatum ſententiæ prolatæ, quod ſcilicet ex</Unicode>
        </TextEquiv>
      </TextLine>
      <TextLine id="line_1666250521033_337" custom="readingOrder {index:2;}">
        <Coords points="285,1649 302,1648 310,1653 318,1647 342,1646 349,1649 350,1653 401,1653 402,1648 406,1646 420,1646 426,1649 427,1654 531,1655 549,1654 551,1649 564,1645 576,1648 579,1653 746,1656 787,1655 795,1648 808,1648 816,1654 824,1654 833,1647 847,1648 852,1654 859,1647 870,1647 878,1654 958,1653 989,1659 1001,1655 1069,1652 1074,1649 1091,1649 1124,1656 1152,1653 1156,1657 1204,1660 1208,1657 1279,1657 1283,1651 1291,1649 1305,1652 1307,1658 1362,1659 1384,1649 1409,1649 1417,1653 1418,1657 1430,1657 1484,1649 1501,1655 1538,1657 1538,1702 1507,1701 1492,1698 1484,1701 1450,1701 1435,1704 1425,1698 1368,1701 1343,1698 1330,1699 1324,1705 1317,1704 1312,1698 1292,1699 1285,1703 1276,1703 1263,1711 1249,1703 1131,1701 1125,1698 1076,1701 1071,1698 1057,1698 1053,1701 1044,1701 1015,1700 1010,1694 992,1698 970,1695 963,1698 950,1698 944,1692 938,1692 929,1697 919,1691 910,1699 876,1700 870,1703 848,1700 839,1704 830,1703 817,1696 801,1696 795,1700 496,1699 452,1694 445,1697 383,1700 371,1696 358,1706 347,1706 337,1700 254,1699 255,1657 279,1655"/>
        <Baseline points="255,1689 919,1691"/>
        <Word id="word_1666251428483_795" custom="readingOrder {index:0;}">
          <Coords points="284,1649 303,1649 310,1653 315,1649 349,1649 350,1653 401,1653 401,1649 426,1649 427,1654 504,1654 504,1699 496,1699 452,1694 445,1697 383,1700 371,1696 364,1701 339,1701 337,1700 262,1699 262,1656 279,1655"/>
          <TextEquiv conf="0.36088264">
            <Unicode>obligatione</Unicode>
          </TextEquiv>
        </Word>
        <Word id="region0007_line0003_word0001" custom="readingOrder {index:1;}">
          <Coords points="560,1646 551,1649 549,1654 531,1655 527,1654 527,1699 569,1699 569,1646 568,1646"/>
          <TextEquiv conf="0.9238086">
            <Unicode>ad</Unicode>
          </TextEquiv>
        </Word>
        <Word id="region0007_line0003_word0002" custom="readingOrder {index:2;}">
          <Coords points="592,1665 759,1666 759,1693 592,1692"/>
          <TextEquiv conf="0.9064028">
            <Unicode>carceres</Unicode>
          </TextEquiv>
        </Word>
        <Word id="region0007_line0003_word0003" custom="readingOrder {index:3;}">
          <Coords points="788,1654 787,1655 783,1655 783,1698 798,1698 801,1696 817,1696 820,1698 911,1698 919,1691 929,1697 938,1692 943,1692 944,1654 878,1654 852,1654 824,1654 816,1654"/>
          <TextEquiv conf="0.8709656">
            <Unicode>debitor</Unicode>
          </TextEquiv>
        </Word>
        <Word id="region0007_line0003_word0004" custom="readingOrder {index:4;}">
          <Coords points="959,1666 1041,1667 1041,1693 959,1692"/>
          <TextEquiv conf="0.8868312">
            <Unicode>non</Unicode>
          </TextEquiv>
        </Word>
        <Word id="region0007_line0003_word0005" custom="readingOrder {index:5;}">
          <Coords points="1069,1656 1069,1694 1189,1694 1189,1659 1156,1657 1155,1656 1124,1656"/>
          <TextEquiv conf="0.8868312">
            <Unicode>ſtatim</Unicode>
          </TextEquiv>
        </Word>
        <Word id="region0007_line0003_word0006" custom="readingOrder {index:6;}">
          <Coords points="1299,1653 1281,1653 1279,1657 1215,1657 1215,1702 1249,1703 1252,1705 1272,1705 1276,1703 1285,1703 1292,1699 1298,1698"/>
          <TextEquiv conf="0.8682281">
            <Unicode>capi</Unicode>
          </TextEquiv>
        </Word>
        <Word id="region0007_line0003_word0007" custom="readingOrder {index:7;}">
          <Coords points="1370,1655 1362,1659 1316,1658 1316,1702 1317,1704 1324,1705 1330,1699 1343,1698 1368,1701 1425,1698 1435,1704 1446,1701 1447,1655 1443,1655 1430,1657 1418,1657 1417,1655"/>
          <TextEquiv conf="0.8900125">
            <Unicode>poſſit,</Unicode>
          </TextEquiv>
        </Word>
        <Word id="region0007_line0003_word0008" custom="readingOrder {index:8;}">
          <Coords points="1473,1656 1473,1693 1527,1693 1527,1656 1514,1656"/>
          <TextEquiv conf="0.7185141">
            <Unicode>lu-</Unicode>
          </TextEquiv>
        </Word>
        <TextEquiv>
          <Unicode>obligatione ad carceres debitor non ſtatim capi poſſit, lu-</Unicode>
        </TextEquiv>
      </TextLine>
      <TextLine id="line_1666250521036_339" custom="readingOrder {index:3;}">
        <Coords points="254,1705 341,1704 358,1707 371,1697 380,1699 383,1703 418,1704 444,1702 446,1697 451,1695 464,1695 472,1701 530,1703 794,1704 801,1697 817,1697 825,1704 839,1705 909,1702 919,1692 929,1698 938,1693 944,1693 958,1702 969,1696 979,1696 989,1702 1002,1695 1011,1696 1016,1704 1049,1705 1057,1699 1071,1699 1078,1705 1098,1705 1109,1699 1125,1699 1132,1702 1133,1706 1235,1705 1250,1706 1263,1712 1276,1704 1285,1704 1292,1700 1312,1699 1317,1705 1324,1706 1330,1700 1343,1699 1367,1701 1376,1705 1391,1699 1405,1702 1425,1699 1435,1705 1482,1706 1487,1700 1501,1699 1509,1705 1538,1703 1538,1752 1484,1751 1480,1757 1467,1759 1463,1758 1458,1748 1386,1752 1366,1748 1356,1753 1333,1752 1325,1748 1287,1747 1277,1738 1272,1739 1267,1746 1250,1750 1203,1750 1193,1746 1173,1746 1164,1750 1140,1751 1017,1750 1008,1753 992,1749 985,1744 973,1748 941,1748 914,1744 892,1748 852,1748 843,1740 839,1740 833,1747 826,1744 808,1745 802,1741 793,1748 787,1748 780,1742 772,1742 764,1749 760,1749 752,1742 745,1743 739,1749 490,1747 485,1744 471,1744 465,1747 409,1748 405,1744 393,1744 385,1748 323,1749 254,1745"/>
        <Baseline points="254,1737 1273,1737 1538,1741"/>
        <Word id="region0007_line0004_word0000" custom="readingOrder {index:0;}">
          <Coords points="261,1708 345,1708 345,1735 261,1735"/>
          <TextEquiv conf="0.9211619">
            <Unicode>cem</Unicode>
          </TextEquiv>
        </Word>
        <Word id="region0007_line0004_word0001" custom="readingOrder {index:1;}">
          <Coords points="371,1697 366,1701 366,1734 465,1735 465,1698 446,1698 444,1702 418,1704 383,1703 380,1699 371,1697"/>
          <TextEquiv conf="0.90742373">
            <Unicode>haud</Unicode>
          </TextEquiv>
        </Word>
        <Word id="region0007_line0004_word0002" custom="readingOrder {index:2;}">
          <Coords points="491,1708 647,1708 647,1736 491,1736"/>
          <TextEquiv conf="0.896002">
            <Unicode>tenuem</Unicode>
          </TextEquiv>
        </Word>
        <Word id="region0007_line0004_word0003" custom="readingOrder {index:3;}">
          <Coords points="918,1692 909,1702 839,1705 825,1704 817,1697 801,1697 794,1704 673,1703 673,1739 951,1740 951,1698 944,1693 938,1693 929,1698 920,1692"/>
          <TextEquiv>
            <Unicode>accendentem</Unicode>
          </TextEquiv>
        </Word>
        <Word id="region0007_line0004_word0004" custom="readingOrder {index:4;}">
          <Coords points="969,1697 969,1744 984,1744 985,1744 985,1744 1033,1745 1033,1705 1016,1704 1012,1698 997,1697 989,1702 981,1697"/>
          <TextEquiv conf="0.9074486">
            <Unicode>hic</Unicode>
          </TextEquiv>
        </Word>
        <Word id="region0007_line0004_word0005" custom="readingOrder {index:5;}">
          <Coords points="1059,1701 1059,1738 1232,1738 1232,1705 1133,1706 1132,1702 1129,1701 1105,1701 1098,1705 1078,1705 1073,1701"/>
          <TextEquiv>
            <Unicode>inſerere.</Unicode>
          </TextEquiv>
        </Word>
        <Word id="word_1666250521038_341" custom="readingOrder {index:6;}">
          <Coords points="1305,1700 1313,1700 1317,1705 1324,1706 1330,1700 1358,1700 1367,1701 1376,1705 1388,1700 1398,1700 1405,1702 1415,1700 1428,1701 1435,1705 1482,1706 1486,1701 1503,1701 1509,1705 1538,1703 1538,1750 1459,1750 1458,1748 1430,1750 1372,1749 1366,1748 1363,1749 1327,1749 1325,1748 1305,1747"/>
          <TextEquiv conf="0.8816537">
            <Unicode>Chriſtoph.</Unicode>
          </TextEquiv>
        </Word>
        <TextEquiv>
          <Unicode>cem haud tenuem accendentem hic inſerere. Chriſtoph.</Unicode>
        </TextEquiv>
      </TextLine>
      <TextLine id="line_1666250521041_345" custom="readingOrder {index:4;}">
        <Coords points="254,1746 318,1748 328,1754 354,1754 381,1753 393,1745 405,1745 412,1752 447,1752 463,1751 471,1745 485,1745 491,1751 498,1752 738,1752 747,1743 754,1744 763,1752 770,1744 780,1743 788,1752 792,1752 802,1742 808,1746 826,1745 833,1748 839,1741 843,1741 852,1752 902,1750 914,1745 925,1745 938,1750 972,1750 979,1745 985,1745 993,1751 1008,1754 1163,1755 1169,1748 1193,1747 1202,1750 1204,1755 1231,1755 1252,1753 1267,1747 1275,1739 1281,1742 1283,1747 1325,1749 1336,1756 1353,1756 1366,1749 1375,1749 1389,1753 1390,1757 1430,1756 1441,1749 1458,1749 1462,1758 1467,1760 1483,1756 1537,1756 1538,1755 1538,1805 1527,1805 1491,1801 1381,1800 1351,1802 1349,1808 1323,1808 1321,1803 1225,1799 963,1796 656,1798 611,1796 605,1807 588,1807 582,1797 379,1797 322,1802 254,1803"/>
        <Baseline points="254,1793 871,1786 1538,1794"/>
        <Word id="region0007_line0005_word0000" custom="readingOrder {index:0;}">
          <Coords points="259,1788 498,1789 498,1752 491,1751 485,1745 471,1745 463,1751 447,1752 412,1752 405,1745 393,1745 381,1753 354,1754 328,1754 318,1748 259,1746"/>
          <TextEquiv conf="0.57902443">
            <Unicode>Travvitzch</Unicode>
          </TextEquiv>
        </Word>
        <Word id="region0007_line0005_word0001" custom="readingOrder {index:1;}">
          <Coords points="512,1756 688,1756 688,1796 512,1796"/>
          <TextEquiv conf="0.9070707">
            <Unicode>tempore</Unicode>
          </TextEquiv>
        </Word>
        <Word id="region0007_line0005_word0002" custom="readingOrder {index:2;}">
          <Coords points="959,1750 938,1750 925,1745 914,1745 902,1750 852,1752 843,1741 839,1741 833,1748 826,1745 808,1746 802,1742 792,1752 788,1752 780,1743 770,1744 763,1752 754,1744 747,1743 738,1752 713,1752 713,1797 959,1796"/>
          <TextEquiv>
            <Unicode>nundinarum</Unicode>
          </TextEquiv>
        </Word>
        <Word id="region0007_line0005_word0003" custom="readingOrder {index:3;}">
          <Coords points="1176,1747 1169,1748 1163,1755 1008,1754 993,1751 991,1749 991,1785 1258,1786 1258,1750 1252,1753 1231,1755 1204,1755 1202,1750 1195,1747"/>
          <TextEquiv conf="0.8671816">
            <Unicode>autumnalium</Unicode>
          </TextEquiv>
        </Word>
        <Word id="region0007_line0005_word0004" custom="readingOrder {index:4;}">
          <Coords points="1278,1748 1278,1799 1526,1800 1526,1756 1483,1756 1467,1760 1462,1758 1458,1749 1441,1749 1430,1756 1390,1757 1389,1753 1375,1749 1366,1749 1353,1756 1336,1756 1325,1749 1306,1748"/>
          <TextEquiv conf="0.9094554">
            <Unicode>Lipſienſium</Unicode>
          </TextEquiv>
        </Word>
        <TextEquiv>
          <Unicode>Travvitzch tempore nundinarum autumnalium Lipſienſium</Unicode>
        </TextEquiv>
      </TextLine>
      <TextLine id="region0008_line0001" custom="readingOrder {index:5;}">
        <Coords points="998,1791 990,1801 900,1801 895,1792 871,1792 864,1801 823,1801 818,1792 793,1792 786,1800 768,1800 760,1791 746,1791 742,1794 713,1791 687,1799 635,1802 602,1800 578,1791 505,1804 413,1803 377,1806 301,1805 292,1804 284,1798 274,1798 268,1803 256,1803 256,1852 305,1851 310,1848 330,1851 340,1848 423,1849 431,1855 440,1855 447,1850 464,1850 470,1846 479,1846 485,1852 491,1854 497,1851 520,1850 528,1845 543,1848 618,1848 669,1844 700,1847 749,1845 766,1851 778,1844 795,1847 828,1842 838,1846 905,1844 913,1855 917,1855 928,1843 936,1843 943,1848 999,1847 1008,1840 1015,1841 1022,1847 1060,1844 1069,1850 1131,1848 1215,1849 1231,1846 1254,1857 1268,1855 1275,1847 1289,1847 1294,1850 1346,1847 1372,1849 1380,1854 1393,1853 1397,1849 1547,1852 1547,1806 1505,1806 1502,1799 1495,1795 1480,1795 1471,1802 1451,1799 1444,1795 1399,1795 1377,1799 1371,1794 1358,1794 1352,1804 1334,1804 1326,1794 1314,1794 1305,1803 1283,1802 1276,1795 1255,1795 1245,1803 1223,1805 1196,1803 1190,1793 1177,1793 1169,1802 1053,1802 1018,1801 1013,1792"/>
        <Baseline points="256,1842 794,1835 1547,1841"/>
        <Word id="region0008_line0001_word0000" custom="readingOrder {index:0;}">
          <Coords points="269,1802 268,1803 261,1803 261,1839 385,1839 385,1805 377,1806 301,1805 292,1804 289,1802"/>
          <TextEquiv conf="0.917153">
            <Unicode>Anno</Unicode>
          </TextEquiv>
        </Word>
        <Word id="region0008_line0001_word0001" custom="readingOrder {index:1;}">
          <Coords points="407,1810 515,1811 515,1846 407,1845"/>
          <TextEquiv conf="0.75365484">
            <Unicode>1719.</Unicode>
          </TextEquiv>
        </Word>
        <Word id="region0008_line0001_word0002" custom="readingOrder {index:2;}">
          <Coords points="529,1811 547,1811 547,1837 529,1837"/>
          <TextEquiv conf="0.75365484">
            <Unicode>a</Unicode>
          </TextEquiv>
        </Word>
        <Word id="region0008_line0001_word0003" custom="readingOrder {index:3;}">
          <Coords points="572,1800 572,1839 702,1839 702,1800 669,1800 635,1802 602,1800"/>
          <TextEquiv conf="0.89000285">
            <Unicode>Senatu</Unicode>
          </TextEquiv>
        </Word>
        <Word id="region0008_line0001_word0004" custom="readingOrder {index:4;}">
          <Coords points="722,1794 722,1846 749,1845 766,1851 778,1844 795,1847 828,1842 838,1846 892,1844 892,1795 868,1794 864,1801 823,1801 819,1794 790,1794 786,1800 768,1800 762,1794"/>
          <TextEquiv conf="0.89000285">
            <Unicode>Lipſienſi</Unicode>
          </TextEquiv>
        </Word>
        <Word id="region0008_line0001_word0005" custom="readingOrder {index:5;}">
          <Coords points="910,1801 910,1850 911,1853 918,1853 928,1843 936,1843 943,1848 999,1847 1008,1840 1015,1841 1022,1847 1060,1844 1069,1850 1080,1849 1080,1802 1053,1802 1018,1801 990,1801"/>
          <TextEquiv conf="0.8686044">
            <Unicode>petebat,</Unicode>
          </TextEquiv>
        </Word>
        <Word id="region0008_line0001_word0006" custom="readingOrder {index:6;}">
          <Coords points="1105,1812 1149,1812 1149,1839 1105,1839"/>
          <TextEquiv conf="0.88177764">
            <Unicode>ut</Unicode>
          </TextEquiv>
        </Word>
        <Word id="region0008_line0001_word0007" custom="readingOrder {index:7;}">
          <Coords points="1171,1802 1171,1840 1234,1840 1234,1804 1223,1805 1196,1803 1195,1802"/>
          <TextEquiv conf="0.92100495">
            <Unicode>duo</Unicode>
          </TextEquiv>
        </Word>
        <Word id="region0008_line0001_word0008" custom="readingOrder {index:8;}">
          <Coords points="1390,1848 1390,1832 1254,1832 1254,1848 1274,1848 1275,1847 1289,1847 1290,1848 1328,1848 1346,1847 1359,1848"/>
          <TextEquiv conf="0.9171965">
            <Unicode>Judæi,</Unicode>
          </TextEquiv>
        </Word>
        <Word id="region0008_line0001_word0009" custom="readingOrder {index:9;}">
          <Coords points="1402,1804 1402,1843 1528,1843 1528,1806 1505,1806 1504,1804"/>
          <TextEquiv conf="0.9134953">
            <Unicode>Moſes</Unicode>
          </TextEquiv>
        </Word>
        <TextEquiv>
          <Unicode>Anno 1719. a Senatu Lipſienſi petebat, ut duo Judæi, Moſes</Unicode>
        </TextEquiv>
      </TextLine>
      <TextLine id="region0008_line0002" custom="readingOrder {index:6;}">
        <Coords points="1008,1841 999,1848 998,1853 944,1853 940,1846 928,1844 917,1856 913,1856 905,1845 893,1847 891,1852 840,1853 839,1847 828,1843 812,1845 806,1849 778,1845 766,1852 749,1846 700,1848 687,1845 640,1848 618,1854 545,1854 542,1848 534,1846 525,1847 519,1854 487,1854 479,1847 470,1847 463,1854 440,1856 416,1854 359,1857 357,1851 352,1849 332,1852 323,1849 310,1849 305,1852 276,1851 256,1853 256,1905 352,1904 357,1900 432,1902 457,1900 465,1896 480,1899 563,1900 583,1896 643,1899 649,1894 658,1894 667,1900 728,1900 752,1894 767,1897 804,1896 809,1899 828,1900 863,1899 880,1895 899,1898 909,1894 920,1894 931,1899 957,1899 964,1895 973,1895 981,1899 1028,1898 1034,1895 1099,1900 1115,1896 1127,1901 1171,1900 1172,1905 1180,1909 1199,1908 1203,1901 1312,1901 1336,1897 1353,1900 1422,1901 1427,1898 1438,1898 1444,1901 1466,1899 1483,1903 1547,1902 1547,1857 1380,1855 1352,1853 1346,1848 1324,1848 1317,1853 1295,1854 1289,1848 1275,1848 1268,1856 1254,1858 1239,1855 1238,1851 1231,1847 1218,1848 1214,1855 1154,1855 1069,1852 1066,1847 1060,1845 1043,1848 1041,1852 1022,1853 1022,1848 1017,1843"/>
        <Baseline points="256,1895 743,1886 1547,1892"/>
        <Word id="region0008_line0002_word0000" custom="readingOrder {index:0;}">
          <Coords points="308,1850 305,1852 276,1851 263,1852 263,1889 409,1889 409,1854 359,1857 357,1851 354,1850 345,1850 332,1852 326,1850"/>
          <TextEquiv conf="0.898175">
            <Unicode>Aſcher</Unicode>
          </TextEquiv>
        </Word>
        <Word id="region0008_line0002_word0001" custom="readingOrder {index:1;}">
          <Coords points="468,1848 463,1854 444,1855 444,1889 626,1890 626,1851 618,1854 545,1854 542,1848 523,1848 519,1854 487,1854 480,1848"/>
          <TextEquiv conf="0.77419084">
            <Unicode>nimirum</Unicode>
          </TextEquiv>
        </Word>
        <Word id="region0008_line0002_word0002" custom="readingOrder {index:2;}">
          <Coords points="664,1851 702,1851 702,1891 664,1891"/>
          <TextEquiv conf="0.89411">
            <Unicode>&amp;</Unicode>
          </TextEquiv>
        </Word>
        <Word id="region0008_line0002_word0003" custom="readingOrder {index:3;}">
          <Coords points="736,1848 736,1892 863,1893 863,1853 840,1853 839,1849 807,1849 806,1849 803,1849 772,1848 766,1852 755,1848"/>
          <TextEquiv conf="0.8977651">
            <Unicode>Moſes</Unicode>
          </TextEquiv>
        </Word>
        <Word id="region0008_line0002_word0004" custom="readingOrder {index:4;}">
          <Coords points="1004,1843 999,1848 998,1853 944,1853 940,1846 928,1844 917,1856 913,1856 905,1845 893,1847 891,1852 889,1852 889,1892 1127,1893 1127,1854 1069,1852 1066,1847 1060,1845 1043,1848 1041,1852 1022,1853 1022,1848 1017,1843"/>
          <TextEquiv conf="0.91664773">
            <Unicode>Alexander,</Unicode>
          </TextEquiv>
        </Word>
        <Word id="region0008_line0002_word0005" custom="readingOrder {index:5;}">
          <Coords points="1235,1850 1216,1850 1214,1855 1167,1855 1167,1900 1171,1900 1171,1902 1202,1902 1203,1901 1235,1901"/>
          <TextEquiv conf="0.70773315">
            <Unicode>qui</Unicode>
          </TextEquiv>
        </Word>
        <Word id="region0008_line0002_word0006" custom="readingOrder {index:6;}">
          <Coords points="1277,1852 1277,1891 1534,1892 1534,1856 1380,1855 1352,1853 1351,1852 1318,1852 1317,1853 1295,1854 1293,1852"/>
          <TextEquiv conf="0.7529289">
            <Unicode>inſtrumento</Unicode>
          </TextEquiv>
        </Word>
        <TextEquiv>
          <Unicode>Aſcher nimirum &amp; Moſes Alexander, qui inſtrumento</Unicode>
        </TextEquiv>
      </TextLine>
      <TextLine id="region0008_line0003" custom="readingOrder {index:7;}">
        <Coords points="909,1895 898,1899 897,1905 893,1904 892,1899 884,1896 869,1897 861,1900 859,1904 812,1902 804,1897 781,1896 776,1901 770,1901 764,1896 752,1895 730,1904 664,1905 658,1895 649,1895 643,1900 642,1905 625,1905 620,1901 606,1903 599,1897 579,1898 571,1905 482,1904 477,1898 465,1897 452,1905 381,1906 374,1901 357,1901 352,1907 262,1909 256,1910 255,1951 266,1951 268,1958 279,1961 288,1959 292,1949 296,1947 308,1950 344,1948 350,1951 572,1951 578,1948 612,1951 622,1947 665,1949 682,1946 701,1949 725,1945 733,1950 772,1947 780,1951 851,1952 915,1951 923,1948 939,1951 988,1951 1010,1947 1028,1950 1114,1951 1144,1947 1154,1950 1170,1949 1174,1952 1207,1953 1332,1953 1349,1950 1355,1953 1374,1953 1375,1959 1384,1962 1396,1962 1403,1951 1434,1954 1546,1955 1547,1908 1475,1908 1473,1903 1466,1900 1446,1903 1438,1899 1427,1899 1421,1903 1420,1908 1356,1907 1355,1902 1350,1899 1336,1898 1325,1901 1321,1906 1209,1906 1196,1910 1180,1910 1158,1903 1128,1904 1115,1897 1103,1898 1098,1904 1058,1905 1052,1905 1050,1899 1045,1896 1031,1897 1025,1905 982,1905 980,1899 964,1896 956,1900 955,1905 938,1905 934,1900 924,1899 920,1895"/>
        <Baseline points="256,1941 1547,1944"/>
        <Word id="region0008_line0003_word0000" custom="readingOrder {index:0;}">
          <Coords points="354,1904 352,1907 263,1908 263,1951 266,1951 266,1952 290,1952 292,1949 296,1947 308,1950 344,1948 350,1951 435,1951 435,1905 381,1906 378,1904"/>
          <TextEquiv conf="0.84467244">
            <Unicode>quodam</Unicode>
          </TextEquiv>
        </Word>
        <Word id="region0008_line0003_word0001" custom="readingOrder {index:1;}">
          <Coords points="463,1902 463,1941 504,1942 504,1904 482,1904 480,1902"/>
          <TextEquiv conf="0.877563">
            <Unicode>in</Unicode>
          </TextEquiv>
        </Word>
        <Word id="region0008_line0003_word0002" custom="readingOrder {index:2;}">
          <Coords points="530,1944 618,1944 619,1904 572,1904 571,1905 530,1904"/>
          <TextEquiv conf="0.8162022">
            <Unicode>caſu</Unicode>
          </TextEquiv>
        </Word>
        <Word id="region0008_line0003_word0003" custom="readingOrder {index:3;}">
          <Coords points="644,1899 643,1900 642,1905 640,1905 640,1943 722,1943 722,1904 664,1905 660,1899"/>
          <TextEquiv conf="0.91627795">
            <Unicode>non</Unicode>
          </TextEquiv>
        </Word>
        <Word id="region0008_line0003_word0004" custom="readingOrder {index:4;}">
          <Coords points="740,1904 841,1905 840,1946 739,1945"/>
          <TextEquiv conf="0.8865337">
            <Unicode>factæ</Unicode>
          </TextEquiv>
        </Word>
        <Word id="region0008_line0003_word0005" custom="readingOrder {index:5;}">
          <Coords points="863,1901 862,1946 1063,1946 1063,1904 1058,1905 1052,1905 1050,1901 1028,1901 1025,1905 982,1905 980,1901 955,1901 955,1905 938,1905 934,1901 897,1901 897,1905 893,1904 892,1901"/>
          <TextEquiv conf="0.80875796">
            <Unicode>ſolutionis</Unicode>
          </TextEquiv>
        </Word>
        <Word id="region0008_line0003_word0006" custom="readingOrder {index:6;}">
          <Coords points="1075,1942 1120,1943 1120,1904 1098,1904 1098,1904 1075,1905"/>
          <TextEquiv conf="0.9154968">
            <Unicode>ad</Unicode>
          </TextEquiv>
        </Word>
        <Word id="region0008_line0003_word0007" custom="readingOrder {index:7;}">
          <Coords points="1141,1914 1307,1914 1306,1945 1140,1945"/>
          <TextEquiv conf="0.91659254">
            <Unicode>carceres</Unicode>
          </TextEquiv>
        </Word>
        <Word id="region0008_line0003_word0008" custom="readingOrder {index:8;}">
          <Coords points="1324,1904 1323,1945 1360,1945 1360,1907 1356,1907 1355,1904"/>
          <TextEquiv conf="0.90920687">
            <Unicode>ſe</Unicode>
          </TextEquiv>
        </Word>
        <Word id="region0008_line0003_word0009" custom="readingOrder {index:9;}">
          <Coords points="1420,1903 1420,1908 1371,1907 1371,1953 1374,1953 1374,1956 1399,1956 1403,1951 1434,1954 1531,1954 1531,1908 1475,1908 1473,1903"/>
          <TextEquiv conf="0.91687274">
            <Unicode>quidem</Unicode>
          </TextEquiv>
        </Word>
        <TextEquiv>
          <Unicode>quodam in caſu non factæ ſolutionis ad carceres ſe quidem</Unicode>
        </TextEquiv>
      </TextLine>
      <TextLine id="region0008_line0004" custom="readingOrder {index:8;}">
        <Coords points="717,1946 698,1951 682,1947 665,1950 622,1948 603,1954 596,1949 578,1949 568,1955 418,1957 352,1957 351,1952 344,1949 320,1949 310,1956 309,1951 296,1948 286,1961 255,1960 255,2003 275,2004 279,2007 288,2007 292,2004 340,2005 347,2010 362,2010 370,2000 387,2005 427,2001 435,1997 448,2000 483,2000 497,1998 507,2003 533,2002 546,2005 679,2003 697,2000 721,2002 729,1996 735,1996 742,2003 756,2003 760,2006 789,2002 795,1999 804,1999 810,2003 842,2004 940,2004 959,1999 983,2004 1029,2004 1034,2001 1045,2001 1049,2006 1049,2012 1054,2017 1059,2017 1064,2000 1081,2003 1240,2002 1249,2005 1272,2005 1285,2001 1301,2002 1311,2007 1330,2002 1348,2005 1417,2005 1423,2002 1441,2005 1455,2002 1473,2005 1522,2005 1533,2001 1546,2003 1546,1965 1485,1959 1419,1960 1410,1952 1403,1952 1396,1963 1384,1963 1357,1959 1356,1954 1349,1951 1335,1952 1330,1959 1190,1958 1177,1957 1170,1950 1154,1951 1144,1948 1127,1951 1124,1955 1085,1956 1031,1955 1025,1949 1010,1948 1002,1955 978,1954 970,1957 941,1956 933,1949 918,1950 912,1956 815,1957 813,1953 800,1952 794,1957 782,1956 781,1952 772,1948 763,1948 756,1955 734,1955 727,1947"/>
        <Baseline points="255,1993 1546,1994"/>
        <Word id="region0008_line0004_word0000" custom="readingOrder {index:0;}">
          <Coords points="291,1954 286,1961 262,1960 262,2003 275,2004 276,2005 291,2005 292,2004 340,2005 340,2005 366,2005 370,2000 387,2005 427,2001 435,1997 448,2000 483,2000 497,1998 507,2003 533,2002 546,2005 546,1955 418,1957 352,1957 351,1954 313,1954 310,1956 310,1954"/>
          <TextEquiv conf="0.83200204">
            <Unicode>obligaverant,</Unicode>
          </TextEquiv>
        </Word>
        <Word id="region0008_line0004_word0001" custom="readingOrder {index:1;}">
          <Coords points="572,1957 635,1957 635,1998 572,1998"/>
          <TextEquiv>
            <Unicode>ſed</Unicode>
          </TextEquiv>
        </Word>
        <Word id="region0008_line0004_word0002" custom="readingOrder {index:2;}">
          <Coords points="661,1954 661,2001 690,2001 697,2000 712,2001 722,2001 729,1996 735,1996 740,2001 790,2002 795,1999 804,1999 808,2002 893,2002 893,1956 815,1957 814,1955 797,1955 794,1957 782,1956 782,1955 757,1954 756,1955 734,1955 733,1954"/>
          <TextEquiv conf="0.35132286">
            <Unicode>ſolutionem</Unicode>
          </TextEquiv>
        </Word>
        <Word id="region0008_line0004_word0003" custom="readingOrder {index:3;}">
          <Coords points="922,1957 922,2001 951,2001 959,1999 968,2001 1023,2001 1023,1957 970,1957"/>
          <TextEquiv>
            <Unicode>haud</Unicode>
          </TextEquiv>
        </Word>
        <Word id="region0008_line0004_word0004" custom="readingOrder {index:4;}">
          <Coords points="1050,1956 1050,2013 1052,2015 1060,2015 1064,2000 1081,2003 1240,2002 1249,2005 1272,2005 1285,2001 1301,2002 1311,2007 1314,2006 1314,1959 1190,1958 1177,1957 1176,1956"/>
          <TextEquiv conf="0.88778096">
            <Unicode>præſtiterant,</Unicode>
          </TextEquiv>
        </Word>
        <Word id="region0008_line0004_word0005" custom="readingOrder {index:5;}">
          <Coords points="1338,1957 1338,1996 1378,1996 1378,1962 1357,1959 1356,1957"/>
          <TextEquiv conf="0.8972437">
            <Unicode>in</Unicode>
          </TextEquiv>
        </Word>
        <Word id="region0008_line0004_word0006" custom="readingOrder {index:6;}">
          <Coords points="1400,1960 1400,1998 1525,1998 1525,1962 1495,1960 1419,1960"/>
          <TextEquiv conf="0.9145225">
            <Unicode>carce-</Unicode>
          </TextEquiv>
        </Word>
        <TextEquiv>
          <Unicode>obligaverant, ſed ſolutionem haud præſtiterant, in carce-</Unicode>
        </TextEquiv>
      </TextLine>
      <TextLine id="region0008_line0005" custom="readingOrder {index:9;}">
        <Coords points="729,1997 721,2003 697,2001 644,2008 540,2006 533,2003 515,2006 497,1999 488,1999 480,2004 451,2004 445,1999 435,1998 425,2005 386,2007 377,2001 370,2001 362,2011 255,2009 256,2057 363,2054 370,2049 396,2053 459,2050 546,2052 556,2048 574,2053 616,2053 621,2050 635,2050 642,2054 662,2055 823,2055 832,2051 950,2054 958,2050 983,2055 1049,2055 1056,2051 1066,2051 1073,2055 1207,2057 1209,2060 1223,2063 1251,2052 1276,2053 1281,2056 1334,2056 1342,2052 1358,2056 1394,2055 1402,2052 1418,2052 1424,2055 1471,2056 1478,2052 1488,2052 1497,2056 1547,2056 1546,2004 1541,2002 1533,2002 1525,2009 1517,2010 1482,2008 1467,2003 1447,2006 1423,2003 1394,2008 1349,2010 1348,2006 1342,2003 1330,2003 1323,2009 1313,2009 1301,2003 1280,2002 1269,2008 1240,2003 1182,2003 1175,2009 1118,2010 1082,2008 1078,2002 1064,2001 1063,2013 1059,2018 1054,2018 1048,2012 1045,2002 1034,2002 1027,2008 973,2008 972,2004 952,2000 937,2008 867,2009 811,2008 808,2002 795,2000 788,2007 742,2008 742,2004 735,1997"/>
        <Baseline points="256,2046 440,2040 1547,2044"/>
        <Word id="region0008_line0005_word0000" custom="readingOrder {index:0;}">
          <Coords points="262,2017 345,2017 345,2046 262,2046"/>
          <TextEquiv conf="0.89924765">
            <Unicode>rem</Unicode>
          </TextEquiv>
        </Word>
        <Word id="region0008_line0005_word0001" custom="readingOrder {index:1;}">
          <Coords points="368,2004 367,2005 367,2044 667,2045 667,2005 667,2005 644,2008 540,2006 537,2005 524,2005 515,2006 511,2004 426,2004 425,2005 386,2007 382,2004"/>
          <TextEquiv conf="0.86817086">
            <Unicode>includerentur.</Unicode>
          </TextEquiv>
        </Word>
        <Word id="region0008_line0005_word0002" custom="readingOrder {index:2;}">
          <Coords points="727,1998 721,2003 697,2001 696,2001 696,2046 852,2047 852,2008 811,2008 808,2002 795,2000 788,2007 742,2008 742,2004 736,1998"/>
          <TextEquiv conf="0.9224334">
            <Unicode>Senatus</Unicode>
          </TextEquiv>
        </Word>
        <Word id="region0008_line0005_word0003" custom="readingOrder {index:3;}">
          <Coords points="942,2005 937,2008 871,2008 871,2046 1015,2046 1015,2008 973,2008 972,2005"/>
          <TextEquiv conf="0.7479918">
            <Unicode>cauſam</Unicode>
          </TextEquiv>
        </Word>
        <Word id="region0008_line0005_word0004" custom="readingOrder {index:4;}">
          <Coords points="1035,2007 1035,2045 1137,2046 1137,2010 1118,2010 1082,2008 1082,2007 1063,2007 1063,2013 1059,2018 1054,2018 1048,2012 1047,2007"/>
          <TextEquiv>
            <Unicode>illam</Unicode>
          </TextEquiv>
        </Word>
        <Word id="region0008_line0005_word0005" custom="readingOrder {index:5;}">
          <Coords points="1155,2048 1200,2048 1200,2009 1175,2009 1155,2009"/>
          <TextEquiv conf="0.9070411">
            <Unicode>ad</Unicode>
          </TextEquiv>
        </Word>
        <Word id="region0008_line0005_word0006" custom="readingOrder {index:6;}">
          <Coords points="1217,2009 1217,2057 1238,2057 1251,2052 1276,2053 1281,2056 1334,2056 1342,2052 1358,2056 1394,2055 1402,2052 1411,2052 1411,2010 1355,2010 1349,2010 1349,2010"/>
          <TextEquiv conf="0.86626863">
            <Unicode>Judicium</Unicode>
          </TextEquiv>
        </Word>
        <Word id="region0008_line0005_word0007" custom="readingOrder {index:7;}">
          <Coords points="1424,2009 1424,2049 1539,2049 1539,2009 1525,2009 1517,2010 1499,2009"/>
          <TextEquiv conf="0.9082825">
            <Unicode>Mer-</Unicode>
          </TextEquiv>
        </Word>
        <TextEquiv>
          <Unicode>rem includerentur. Senatus cauſam illam ad Judicium Mer-</Unicode>
        </TextEquiv>
      </TextLine>
      <TextLine id="region0008_line0006" custom="readingOrder {index:10;}">
        <Coords points="556,2049 542,2056 388,2057 383,2051 370,2050 362,2059 355,2060 256,2061 256,2107 360,2106 386,2104 398,2099 540,2101 546,2098 559,2098 565,2102 610,2103 617,2097 627,2098 632,2103 672,2102 701,2109 742,2107 750,2110 766,2101 775,2101 825,2107 847,2103 862,2103 866,2106 979,2106 982,2111 989,2113 1003,2112 1008,2106 1027,2105 1241,2107 1261,2106 1267,2103 1284,2103 1291,2106 1325,2105 1334,2102 1351,2105 1422,2106 1434,2102 1528,2106 1534,2101 1547,2104 1547,2062 1542,2057 1526,2056 1521,2061 1498,2060 1496,2056 1488,2053 1475,2054 1469,2060 1426,2060 1418,2053 1402,2053 1391,2059 1360,2061 1359,2057 1353,2054 1342,2053 1335,2056 1333,2061 1292,2062 1282,2062 1281,2057 1276,2054 1251,2053 1243,2055 1240,2062 1223,2064 1211,2061 1082,2060 1074,2059 1066,2052 1053,2053 1048,2060 976,2059 975,2055 968,2051 954,2052 949,2059 902,2057 886,2052 832,2052 822,2058 804,2060 697,2060 647,2057 635,2051 621,2051 615,2056 572,2056 566,2050"/>
        <Baseline points="256,2097 462,2089 701,2096 1547,2096"/>
        <Word id="region0008_line0006_word0000" custom="readingOrder {index:0;}">
          <Coords points="366,2054 362,2059 355,2060 261,2060 261,2096 448,2096 448,2056 388,2057 385,2054"/>
          <TextEquiv conf="0.91948855">
            <Unicode>catorium</Unicode>
          </TextEquiv>
        </Word>
        <Word id="region0008_line0006_word0001" custom="readingOrder {index:1;}">
          <Coords points="513,2056 469,2056 469,2100 541,2100 546,2098 559,2098 563,2100 613,2101 617,2097 627,2098 630,2101 709,2101 709,2060 697,2060 647,2057 646,2057"/>
          <TextEquiv conf="0.6887713">
            <Unicode>remittebat,</Unicode>
          </TextEquiv>
        </Word>
        <Word id="region0008_line0006_word0002" custom="readingOrder {index:2;}">
          <Coords points="845,2059 815,2058 804,2060 737,2060 737,2106 756,2106 766,2101 775,2101 823,2106 825,2106 845,2103"/>
          <TextEquiv conf="0.9223997">
            <Unicode>quod</Unicode>
          </TextEquiv>
        </Word>
        <Word id="region0008_line0006_word0003" custom="readingOrder {index:3;}">
          <Coords points="861,2057 861,2098 968,2098 968,2057 950,2057 949,2059 902,2057"/>
          <TextEquiv conf="0.87490904">
            <Unicode>ſicuti</Unicode>
          </TextEquiv>
        </Word>
        <Word id="region0008_line0006_word0004" custom="readingOrder {index:4;}">
          <Coords points="1050,2056 1048,2060 987,2059 987,2110 1004,2110 1008,2106 1027,2105 1152,2106 1152,2060 1082,2060 1074,2059 1071,2056"/>
          <TextEquiv conf="0.91581625">
            <Unicode>petitum</Unicode>
          </TextEquiv>
        </Word>
        <Word id="region0008_line0006_word0005" custom="readingOrder {index:5;}">
          <Coords points="1240,2060 1240,2062 1223,2064 1211,2061 1171,2060 1171,2100 1372,2100 1372,2060 1360,2061 1359,2060 1333,2060 1333,2061 1292,2062 1282,2062 1281,2060"/>
          <TextEquiv conf="0.89079934">
            <Unicode>creditoris</Unicode>
          </TextEquiv>
        </Word>
        <Word id="region0008_line0006_word0006" custom="readingOrder {index:6;}">
          <Coords points="1393,2059 1393,2099 1541,2100 1541,2060 1522,2060 1521,2061 1498,2060 1498,2060 1469,2060 1469,2060 1426,2060 1425,2059"/>
          <TextEquiv conf="0.84119654">
            <Unicode>funda-</Unicode>
          </TextEquiv>
        </Word>
        <TextEquiv>
          <Unicode>catorium remittebat, quod ſicuti petitum creditoris funda-</Unicode>
        </TextEquiv>
      </TextLine>
      <TextLine id="region0008_line0007" custom="readingOrder {index:11;}">
        <Coords points="617,2098 609,2107 566,2106 559,2099 546,2099 539,2102 538,2106 433,2106 426,2100 398,2100 386,2107 363,2110 256,2111 256,2155 286,2152 307,2157 334,2157 368,2152 374,2155 448,2154 454,2159 468,2159 476,2152 497,2152 509,2148 532,2148 538,2151 583,2148 599,2153 615,2151 620,2156 635,2153 747,2155 782,2154 795,2147 808,2147 819,2153 828,2154 870,2151 881,2155 927,2155 938,2147 949,2155 1019,2155 1040,2151 1059,2154 1064,2151 1077,2151 1082,2154 1115,2156 1118,2162 1125,2164 1138,2163 1143,2156 1196,2156 1202,2153 1216,2153 1220,2156 1396,2158 1410,2152 1423,2156 1433,2151 1444,2151 1452,2155 1547,2156 1547,2105 1542,2102 1532,2103 1527,2111 1480,2109 1472,2103 1434,2103 1427,2106 1426,2110 1412,2111 1353,2110 1348,2104 1334,2103 1324,2106 1323,2110 1292,2109 1284,2104 1267,2104 1258,2109 1215,2111 1007,2110 999,2114 989,2114 972,2107 959,2110 881,2110 867,2109 862,2104 847,2104 840,2109 811,2109 784,2107 775,2102 766,2102 750,2111 742,2108 701,2110 672,2103 632,2104 627,2099"/>
        <Baseline points="256,2145 513,2140 1547,2145"/>
        <Word id="region0008_line0007_word0000" custom="readingOrder {index:0;}">
          <Coords points="260,2116 344,2116 344,2145 260,2145"/>
          <TextEquiv conf="0.91002053">
            <Unicode>tum</Unicode>
          </TextEquiv>
        </Word>
        <Word id="region0008_line0007_word0001" custom="readingOrder {index:1;}">
          <Coords points="391,2104 386,2107 365,2109 365,2144 437,2144 437,2106 433,2106 430,2104"/>
          <TextEquiv conf="0.9107682">
            <Unicode>eſſe</Unicode>
          </TextEquiv>
        </Word>
        <Word id="region0008_line0007_word0002" custom="readingOrder {index:2;}">
          <Coords points="542,2100 539,2102 538,2106 456,2106 456,2154 473,2154 476,2152 497,2152 509,2148 532,2148 538,2151 583,2148 599,2153 615,2151 618,2154 625,2154 633,2153 633,2103 632,2104 628,2100 614,2100 609,2107 566,2106 560,2100"/>
          <TextEquiv conf="0.74356025">
            <Unicode>putabat;</Unicode>
          </TextEquiv>
        </Word>
        <Word id="region0008_line0007_word0003" custom="readingOrder {index:3;}">
          <Coords points="659,2109 659,2147 713,2147 713,2109 701,2110 696,2109"/>
          <TextEquiv conf="0.9267309">
            <Unicode>Ita</Unicode>
          </TextEquiv>
        </Word>
        <Word id="region0008_line0007_word0004" custom="readingOrder {index:4;}">
          <Coords points="756,2107 750,2111 742,2108 727,2108 727,2146 927,2147 927,2110 881,2110 867,2109 865,2107 841,2107 840,2109 811,2109 788,2107"/>
          <TextEquiv conf="0.9126205">
            <Unicode>actuarium</Unicode>
          </TextEquiv>
        </Word>
        <Word id="region0008_line0007_word0005" custom="readingOrder {index:5;}">
          <Coords points="1185,2116 947,2115 947,2154 949,2155 1019,2155 1040,2151 1059,2154 1064,2151 1077,2151 1082,2154 1115,2156 1115,2157 1142,2157 1143,2156 1185,2156"/>
          <TextEquiv conf="0.9119654">
            <Unicode>armatosque</Unicode>
          </TextEquiv>
        </Word>
        <Word id="word_1666251647204_841" custom="readingOrder {index:6;}">
          <Coords points="1210,2110 1215,2111 1258,2109 1263,2106 1287,2106 1292,2109 1323,2110 1323,2106 1350,2106 1353,2110 1389,2110 1389,2154 1217,2154 1216,2153 1210,2153"/>
          <TextEquiv conf="0.869033">
            <Unicode>cuſtodes</Unicode>
          </TextEquiv>
        </Word>
        <Word id="region0008_line0007_word0007" custom="readingOrder {index:7;}">
          <Coords points="1446,2103 1434,2103 1427,2106 1426,2110 1412,2111 1404,2110 1404,2154 1410,2152 1423,2156 1433,2151 1444,2151 1446,2152"/>
          <TextEquiv conf="0.7182631">
            <Unicode>ad</Unicode>
          </TextEquiv>
        </Word>
        <Word id="region0008_line0007_word0008" custom="readingOrder {index:8;}">
          <Coords points="1543,2102 1542,2102 1532,2103 1527,2111 1480,2109 1472,2103 1465,2103 1465,2155 1543,2155"/>
          <TextEquiv conf="0.89391744">
            <Unicode>ha-</Unicode>
          </TextEquiv>
        </Word>
        <TextEquiv>
          <Unicode>tum eſſe putabat; Ita actuarium armatosque cuſtodes ad ha-</Unicode>
        </TextEquiv>
      </TextLine>
      <TextLine id="region0008_line0008" custom="readingOrder {index:12;}">
        <Coords points="795,2148 778,2158 710,2158 671,2154 635,2154 620,2157 615,2152 591,2154 583,2149 567,2149 547,2154 539,2154 532,2149 509,2149 498,2156 468,2160 376,2160 375,2156 362,2153 351,2157 350,2161 309,2162 306,2157 298,2154 260,2154 256,2156 256,2209 354,2210 479,2206 521,2214 527,2209 557,2204 755,2208 873,2208 927,2204 930,2207 1089,2207 1091,2214 1096,2219 1116,2219 1123,2208 1340,2208 1344,2218 1356,2220 1385,2203 1432,2205 1439,2202 1456,2202 1547,2206 1547,2161 1454,2160 1453,2156 1444,2152 1433,2152 1426,2159 1410,2153 1395,2160 1369,2156 1364,2160 1222,2162 1216,2154 1202,2154 1195,2157 1194,2161 1142,2161 1138,2164 1125,2165 1116,2161 1087,2158 1077,2152 1064,2152 1059,2155 1040,2152 1001,2158 949,2158 941,2148 938,2148 923,2160 880,2159 870,2152 859,2152 851,2158 844,2154 822,2158 820,2154 808,2148"/>
        <Baseline points="256,2200 1547,2195"/>
        <Word id="region0008_line0008_word0000" custom="readingOrder {index:0;}">
          <Coords points="360,2153 351,2157 350,2161 309,2162 306,2157 298,2154 262,2154 262,2200 491,2201 491,2156 468,2160 376,2160 375,2156 363,2153"/>
          <TextEquiv conf="0.76709574">
            <Unicode>bitationem</Unicode>
          </TextEquiv>
        </Word>
        <Word id="region0008_line0008_word0001" custom="readingOrder {index:1;}">
          <Coords points="509,2156 509,2208 533,2208 557,2204 730,2207 730,2158 710,2158 690,2156 625,2156 620,2157 619,2156"/>
          <TextEquiv conf="0.0">
            <Unicode>Judæorum</Unicode>
          </TextEquiv>
        </Word>
        <Word id="region0008_line0008_word0002" custom="readingOrder {index:2;}">
          <Coords points="792,2149 778,2158 749,2158 749,2200 942,2201 942,2150 935,2149 923,2160 880,2159 870,2152 859,2152 851,2158 844,2154 822,2158 820,2154 810,2149"/>
          <TextEquiv conf="0.49857885">
            <Unicode>mittebat,</Unicode>
          </TextEquiv>
        </Word>
        <Word id="region0008_line0008_word0003" custom="readingOrder {index:3;}">
          <Coords points="967,2169 1016,2169 1016,2199 967,2199"/>
          <TextEquiv conf="0.74710417">
            <Unicode>ut</Unicode>
          </TextEquiv>
        </Word>
        <Word id="region0008_line0008_word0004" custom="readingOrder {index:4;}">
          <Coords points="1039,2158 1079,2158 1079,2199 1039,2199"/>
          <TextEquiv conf="0.88134575">
            <Unicode>hi</Unicode>
          </TextEquiv>
        </Word>
        <Word id="region0008_line0008_word0005" custom="readingOrder {index:5;}">
          <Coords points="1194,2159 1194,2161 1142,2161 1138,2164 1125,2165 1116,2161 1099,2159 1099,2212 1120,2212 1123,2208 1236,2208 1236,2161 1222,2162 1219,2159"/>
          <TextEquiv conf="0.9298842">
            <Unicode>prævia</Unicode>
          </TextEquiv>
        </Word>
        <Word id="region0008_line0008_word0006" custom="readingOrder {index:6;}">
          <Coords points="1366,2158 1364,2160 1258,2161 1258,2208 1340,2208 1342,2213 1367,2213 1385,2203 1432,2205 1439,2202 1456,2202 1529,2205 1529,2161 1454,2160 1454,2159 1426,2159 1426,2159 1425,2159 1398,2159 1395,2160 1385,2158"/>
          <TextEquiv conf="0.91577303">
            <Unicode>recognitione</Unicode>
          </TextEquiv>
        </Word>
        <TextEquiv>
          <Unicode>bitationem Judæorum mittebat, ut hi prævia recognitione</Unicode>
        </TextEquiv>
      </TextLine>
      <TextEquiv>
        <Unicode>Operæ pretium erit, caſum a Domino Præſide me-
cum communicatum ſententiæ prolatæ, quod ſcilicet ex
obligatione ad carceres debitor non ſtatim capi poſſit, lu-
cem haud tenuem accendentem hic inſerere. Chriſtoph.
Travvitzch tempore nundinarum autumnalium Lipſienſium
Anno 1719. a Senatu Lipſienſi petebat, ut duo Judæi, Moſes
Aſcher nimirum &amp; Moſes Alexander, qui inſtrumento
quodam in caſu non factæ ſolutionis ad carceres ſe quidem
obligaverant, ſed ſolutionem haud præſtiterant, in carce-
rem includerentur. Senatus cauſam illam ad Judicium Mer-
catorium remittebat, quod ſicuti petitum creditoris funda-
tum eſſe putabat; Ita actuarium armatosque cuſtodes ad ha-
bitationem Judæorum mittebat, ut hi prævia recognitione</Unicode>
      </TextEquiv>
    </TextRegion>
    <TextRegion orientation="-0.18941337" type="marginalia" readingDirection="left-to-right" id="TextRegion_1666250509973_324" custom="readingOrder {index:5;} structure {type:marginalia;}">
      <Coords points="1550,690 1779,690 1779,960 1774,1038 1574,1038 1550,960"/>
      <TextLine id="line_1666250484418_301" custom="readingOrder {index:0;}">
        <Coords points="1550,700 1565,699 1569,690 1624,690 1629,699 1653,699 1725,698 1732,697 1737,691 1755,691 1760,700 1779,701 1779,740 1717,744 1559,738 1550,746"/>
        <Baseline points="1550,732 1568,730 1779,731"/>
        <Word id="region0003_line0001_word0010" custom="readingOrder {index:0;}">
          <Coords points="1551,737 1680,738 1680,701 1553,700 1551,700"/>
          <TextEquiv conf="0.9191219">
            <Unicode>obſtans</Unicode>
          </TextEquiv>
        </Word>
        <Word id="region0003_line0001_word0011" custom="readingOrder {index:1;}">
          <Coords points="1775,705 1689,705 1689,742 1748,742 1775,740"/>
          <TextEquiv>
            <Unicode>ratio</Unicode>
          </TextEquiv>
        </Word>
        <TextEquiv>
          <Unicode>obſtans ratio</Unicode>
        </TextEquiv>
      </TextLine>
      <TextLine id="line_1666250484422_303" custom="readingOrder {index:1;}">
        <Coords points="1550,746 1559,739 1573,741 1575,749 1601,748 1602,742 1607,739 1635,742 1640,749 1779,748 1779,790 1708,788 1698,791 1579,791 1568,793 1560,799 1550,800"/>
        <Baseline points="1550,786 1779,779"/>
        <Word id="region0003_line0002_word0008" custom="readingOrder {index:0;}">
          <Coords points="1553,745 1553,795 1565,795 1568,793 1579,791 1698,791 1708,788 1733,788 1733,748 1640,749 1637,745 1601,745 1601,748 1575,749 1574,745"/>
          <TextEquiv conf="0.8734673">
            <Unicode>declinatur</Unicode>
          </TextEquiv>
        </Word>
        <TextEquiv>
          <Unicode>declinatur</Unicode>
        </TextEquiv>
      </TextLine>
      <TextLine id="line_1666250484426_305" custom="readingOrder {index:2;}">
        <Coords points="1550,802 1570,799 1574,796 1586,799 1697,799 1702,791 1708,789 1728,789 1733,792 1734,800 1779,802 1779,839 1625,840 1617,841 1615,848 1605,852 1588,849 1588,841 1574,842 1563,848 1550,850"/>
        <Baseline points="1550,837 1779,830"/>
        <Word id="region0003_line0003_word0009" custom="readingOrder {index:0;}">
          <Coords points="1653,804 1554,803 1553,845 1568,845 1574,842 1588,841 1588,845 1615,845 1617,841 1625,840 1652,839"/>
          <TextEquiv conf="0.84537977">
            <Unicode>atque</Unicode>
          </TextEquiv>
        </Word>
        <Word id="region0003_line0003_word0010" custom="readingOrder {index:1;}">
          <Coords points="1702,798 1702,836 1775,836 1775,801 1734,800 1733,798"/>
          <TextEquiv conf="0.90179527">
            <Unicode>ſen-</Unicode>
          </TextEquiv>
        </Word>
        <TextEquiv>
          <Unicode>atque ſen-</Unicode>
        </TextEquiv>
      </TextLine>
      <TextLine id="line_1666250484431_307" custom="readingOrder {index:3;}">
        <Coords points="1550,849 1564,849 1605,853 1616,849 1621,842 1625,841 1637,843 1641,851 1778,850 1778,890 1578,891 1558,888 1550,893"/>
        <Baseline points="1550,883 1778,880"/>
        <Word id="region0003_line0004_word0014" custom="readingOrder {index:0;}">
          <Coords points="1551,854 1662,855 1662,887 1551,886"/>
          <TextEquiv conf="0.558934">
            <Unicode>tentiæ</Unicode>
          </TextEquiv>
        </Word>
        <Word id="region0003_line0004_word0015" custom="readingOrder {index:1;}">
          <Coords points="1687,865 1773,865 1773,888 1687,888"/>
          <TextEquiv conf="0.82951385">
            <Unicode>veræ</Unicode>
          </TextEquiv>
        </Word>
        <TextEquiv>
          <Unicode>tentiæ veræ</Unicode>
        </TextEquiv>
      </TextLine>
      <TextLine id="line_1666250484434_309" custom="readingOrder {index:4;}">
        <Coords points="1550,895 1558,889 1575,890 1580,893 1581,898 1589,899 1610,899 1621,890 1637,891 1642,894 1643,900 1739,897 1778,899 1778,941 1570,942 1550,944"/>
        <Baseline points="1550,934 1571,932 1778,932"/>
        <Word id="region0003_line0005_word0009" custom="readingOrder {index:0;}">
          <Coords points="1551,897 1551,934 1772,935 1772,899 1757,898 1715,898 1643,900 1643,897 1612,897 1610,899 1589,899 1581,898 1581,897"/>
          <TextEquiv conf="0.7817697">
            <Unicode>fundamenta</Unicode>
          </TextEquiv>
        </Word>
        <TextEquiv>
          <Unicode>fundamenta</Unicode>
        </TextEquiv>
      </TextLine>
      <TextLine id="region0006_line0001" custom="readingOrder {index:5;}">
        <Coords points="1593,940 1591,949 1574,949 1574,988 1773,991 1773,949 1620,949 1617,940"/>
        <Word id="region0006_line0001_word0000" custom="readingOrder {index:0;}">
          <Coords points="1592,942 1591,949 1590,949 1590,979 1733,980 1733,949 1620,949 1617,942"/>
          <TextEquiv conf="0.9213824">
            <Unicode>demon-</Unicode>
          </TextEquiv>
        </Word>
        <TextEquiv>
          <Unicode>demon-</Unicode>
        </TextEquiv>
      </TextLine>
      <TextLine id="region0006_line0002" custom="readingOrder {index:6;}">
        <Coords points="1586,988 1574,989 1574,1037 1773,1038 1773,996 1651,999 1621,996 1600,988"/>
        <Word id="region0006_line0002_word0000" custom="readingOrder {index:0;}">
          <Coords points="1580,996 1580,1034 1770,1035 1770,997 1738,996 1651,999 1623,996"/>
          <TextEquiv>
            <Unicode>ſtrantur</Unicode>
          </TextEquiv>
        </Word>
        <TextEquiv>
          <Unicode>ſtrantur</Unicode>
        </TextEquiv>
      </TextLine>
      <TextEquiv>
        <Unicode>obſtans ratio
declinatur
atque ſen-
tentiæ veræ
fundamenta
demon-
ſtrantur</Unicode>
      </TextEquiv>
    </TextRegion>
    <TextRegion orientation="-0.18941337" type="marginalia" readingDirection="left-to-right" id="TextRegion_1666250520977_329" custom="readingOrder {index:6;} structure {type:marginalia;}">
      <Coords points="1538,1543 1769,1543 1769,1808 1538,1808"/>
      <TextLine id="line_1666250521044_348" custom="readingOrder {index:0;}">
        <Coords points="1538,1544 1543,1549 1607,1549 1612,1553 1614,1561 1661,1560 1663,1552 1667,1549 1711,1548 1721,1552 1723,1561 1769,1561 1769,1603 1703,1601 1694,1604 1666,1605 1550,1604 1540,1596 1538,1596"/>
        <Baseline points="1538,1590 1769,1592"/>
        <Word id="region0007_line0001_word0008" custom="readingOrder {index:0;}">
          <Coords points="1548,1549 1548,1602 1550,1604 1664,1604 1664,1551 1663,1552 1661,1560 1614,1561 1612,1553 1607,1549"/>
          <TextEquiv conf="0.8503576">
            <Unicode>Calus</Unicode>
          </TextEquiv>
        </Word>
        <Word id="region0007_line0001_word0009" custom="readingOrder {index:1;}">
          <Coords points="1693,1556 1693,1594 1765,1594 1765,1561 1723,1561 1721,1556"/>
          <TextEquiv conf="0.8503576">
            <Unicode>ſen-</Unicode>
          </TextEquiv>
        </Word>
        <TextEquiv>
          <Unicode>Calus ſen-</Unicode>
        </TextEquiv>
      </TextLine>
      <TextLine id="line_1666250521030_332" custom="readingOrder {index:1;}">
        <Coords points="1538,1597 1540,1597 1552,1609 1573,1612 1594,1612 1603,1610 1610,1604 1623,1606 1628,1613 1696,1612 1698,1604 1703,1602 1728,1602 1733,1604 1735,1612 1769,1612 1769,1653 1676,1651 1647,1655 1540,1655 1538,1654"/>
        <Baseline points="1538,1643 1769,1644"/>
        <Word id="word_1666250521031_334" custom="readingOrder {index:0;}">
          <Coords points="1538,1597 1540,1597 1552,1609 1573,1612 1594,1612 1603,1610 1610,1604 1623,1606 1628,1613 1676,1612 1676,1644 1538,1643"/>
          <TextEquiv conf="0.912397">
            <Unicode>tentiam</Unicode>
          </TextEquiv>
        </Word>
        <Word id="region0007_line0002_word0008" custom="readingOrder {index:1;}">
          <Coords points="1697,1606 1696,1612 1687,1612 1687,1641 1764,1641 1764,1612 1735,1612 1733,1606"/>
          <TextEquiv conf="0.9227198">
            <Unicode>alla-</Unicode>
          </TextEquiv>
        </Word>
        <TextEquiv>
          <Unicode>tentiam alla-</Unicode>
        </TextEquiv>
      </TextLine>
      <TextLine id="line_1666250521033_336" custom="readingOrder {index:2;}">
        <Coords points="1538,1657 1607,1663 1654,1663 1659,1655 1696,1652 1701,1655 1703,1662 1769,1663 1768,1704 1613,1705 1538,1702"/>
        <Word id="region0007_line0003_word0009" custom="readingOrder {index:0;}">
          <Coords points="1564,1669 1633,1670 1632,1697 1564,1696"/>
          <TextEquiv conf="0.7185141">
            <Unicode>tam</Unicode>
          </TextEquiv>
        </Word>
        <Word id="region0007_line0003_word0010" custom="readingOrder {index:1;}">
          <Coords points="1658,1658 1658,1693 1736,1693 1736,1662 1703,1662 1701,1658"/>
          <TextEquiv conf="0.8924402">
            <Unicode>illu-</Unicode>
          </TextEquiv>
        </Word>
        <TextEquiv>
          <Unicode>tam illu-</Unicode>
        </TextEquiv>
      </TextLine>
      <TextLine id="line_1666250521036_338" custom="readingOrder {index:3;}">
        <Coords points="1538,1703 1558,1702 1573,1708 1614,1712 1768,1712 1768,1756 1566,1754 1551,1750 1540,1753 1538,1752"/>
        <Baseline points="1538,1741 1768,1746"/>
        <Word id="word_1666250521039_342" custom="readingOrder {index:0;}">
          <Coords points="1538,1702 1558,1702 1573,1708 1614,1712 1637,1712 1637,1754 1566,1754 1551,1750 1540,1753 1538,1752"/>
          <TextEquiv conf="0.90790457">
            <Unicode>ſtrans</Unicode>
          </TextEquiv>
        </Word>
        <Word id="region0007_line0004_word0008" custom="readingOrder {index:1;}">
          <Coords points="1767,1755 1767,1712 1657,1712 1657,1754 1667,1755"/>
          <TextEquiv conf="0.883469">
            <Unicode>recen-</Unicode>
          </TextEquiv>
        </Word>
        <TextEquiv>
          <Unicode>ſtrans recen-</Unicode>
        </TextEquiv>
      </TextLine>
      <TextLine id="line_1666250521040_344" custom="readingOrder {index:4;}">
        <Coords points="1538,1755 1557,1751 1566,1755 1567,1761 1684,1762 1692,1768 1692,1799 1688,1804 1679,1806 1538,1805"/>
        <Baseline points="1538,1794 1692,1796"/>
        <Word id="word_1666250521042_346" custom="readingOrder {index:0;}">
          <Coords points="1538,1755 1557,1751 1566,1755 1567,1761 1635,1761 1635,1791 1538,1790"/>
          <TextEquiv conf="0.8586681">
            <Unicode>ſetur.</Unicode>
          </TextEquiv>
        </Word>
        <TextEquiv>
          <Unicode>ſetur.</Unicode>
        </TextEquiv>
      </TextLine>
      <TextEquiv>
        <Unicode>Calus ſen-
tentiam alla-
tam illu-
ſtrans recen-
ſetur.</Unicode>
      </TextEquiv>
    </TextRegion>
    <TextRegion type="signature-mark" id="region_1682585613072_94" custom="readingOrder {index:7;} structure {type:signature-mark;}">
      <Coords points="895,2212 895,2260 982,2260 982,2212"/>
      <TextLine id="line_1682585613330_97" custom="readingOrder {index:0;}">
        <Coords points="895,2212 895,2260 982,2260 982,2212"/>
        <Word id="word_1682585624299_114" custom="readingOrder {index:0;}">
          <Coords points="895,2212 950,2212 950,2260 895,2260"/>
          <TextEquiv>
            <Unicode>A</Unicode>
          </TextEquiv>
        </Word>
        <Word id="word_1682585624299_113" custom="readingOrder {index:1;}">
          <Coords points="950,2212 982,2212 982,2260 950,2260"/>
          <TextEquiv>
            <Unicode>3</Unicode>
          </TextEquiv>
        </Word>
        <TextEquiv>
          <Unicode>A 3</Unicode>
        </TextEquiv>
      </TextLine>
      <TextEquiv>
        <Unicode>A 3</Unicode>
      </TextEquiv>
    </TextRegion>
    <TextRegion type="catch-word" id="region_1682585617371_103" custom="readingOrder {index:8;} structure {type:catch-word;}">
      <Coords points="1377,2216 1377,2262 1535,2262 1535,2216"/>
      <TextLine id="line_1682585617575_106" custom="readingOrder {index:0;}">
        <Coords points="1377,2216 1377,2262 1535,2262 1535,2216"/>
        <Word id="word_1682585617699_109" custom="readingOrder {index:0;}">
          <Coords points="1377,2262 1535,2262 1535,2216 1377,2216"/>
          <TextEquiv>
            <Unicode>Inſtru-</Unicode>
          </TextEquiv>
        </Word>
        <TextEquiv>
          <Unicode>Inſtru-</Unicode>
        </TextEquiv>
      </TextLine>
      <TextEquiv>
        <Unicode>Inſtru-</Unicode>
      </TextEquiv>
    </TextRegion>
  </Page>
</PcGts>
