2301 2715
701 494 795 556 adeo
817 496 1025 566 presſisſe,
1047 507 1111 560 ut
1128 499 1226 562 inter
1233 506 1468 563 abdominis
1478 509 1688 558 muſculos
1720 511 1768 556 ad
1765 512 1942 569 inguen

703 565 814 599 retro
830 556 1048 610 cederet,
1059 560 1131 615 qui
1144 561 1263 605 nullo
1269 561 1404 607 modo
1413 563 1611 622 deinceps
1631 564 1778 615 reduci
1791 569 1940 614 iterum

702 617 877 670 potuit.
906 615 978 666 Ido
1003 613 1186 674 Wolffius
1190 612 1547 681 Obſerv.Chirurg.
1566 625 1677 670 Med.
1692 619 1725 678 I.
1738 620 1771 679 I.
1783 628 1936 674 obſerv.

698 681 779 727 50.
804 678 848 728 p.
866 670 960 738 167.
975 679 1045 720 in
1050 674 1261 735 Generoſo
1297 673 1465 742 quodam
1493 681 1597 735 viro
1596 682 1936 741 compresſionem

698 721 823 776 ſcroti
848 725 872 782 &
893 729 1074 777 teſticuli
1079 726 1234 783 ſiniſtri,
1234 725 1340 785 cum
1365 728 1533 793 dolore&
1572 735 1859 795 intumeſcentia
1870 740 1936 784 in-

697 789 886 845 genti,ex
896 784 1063 843 fortiori
1063 787 1316 857 equitatione
1340 786 1569 850 obſervavit.
1613 801 1793 847 Memini
1801 799 1883 851 jam
1887 802 1934 847 in

697 843 918 891 Academia
933 847 1067 893 noſtra
1080 839 1289 915 Lipſienſi,
1298 849 1518 912 quondam,
1532 845 1721 906 juvenem
1729 850 1934 904 Nobilem

695 904 890 960 Sileſium,
898 909 944 954 in
953 904 1237 965 hippodromo
1246 909 1307 953 ex
1323 905 1571 974 equitatione
1588 907 1819 967 ſuccuſſoria
1842 918 1865 962 &
1891 918 1934 963 in

682 961 850 1022 gyrum
867 957 982 1026 acta,
1013 956 1165 1026 valida;
1203 960 1351 1033 ſputum
1379 969 1589 1027 ſangvinis
1589 971 1819 1029 expertum
1844 973 1933 1025 eſſe,

683 1007 789 1064 cum
827 1012 1089 1083 ſubſequente
1123 1018 1353 1085 pulmonum
1375 1019 1555 1080 ulcere.
1574 1026 1746 1074 Pariter
1769 1027 1933 1087 Capita-

681 1087 802 1123 neum
829 1072 1067 1133 Saxonicum
1089 1071 1284 1138 cognovi,
1303 1076 1363 1144 qui
1371 1078 1560 1142 longiori
1572 1087 1712 1130 itinere
1720 1100 1798 1144 per
1810 1091 1934 1133 Saxo-

684 1134 840 1185 niam,
857 1133 1061 1188 Sileſiam,
1108 1138 1349 1186 Poloniam
1356 1134 1418 1192 in
1419 1139 1686 1190 Moſcoviam
1711 1154 1842 1199 usque
1865 1145 1933 1190 fa-

646 1187 788 1240 cto,
830 1200 929 1240 cum
936 1190 1164 1241 veredariis
1193 1188 1325 1247 curſim
1356 1199 1477 1247 equo
1497 1189 1645 1253 vectus,
1663 1195 1839 1244 fiſtulam
1866 1201 1933 1247 ani

684 1240 996 1293 moleſtiſſimam
1023 1244 1068 1302 ac
1092 1243 1343 1297 incurabilem
1367 1238 1443 1305 ſibi
1467 1239 1626 1306 induxit.
1680 1245 1812 1305 Facile
1828 1261 1933 1312 quo-

685 1305 767 1362 que
772 1304 1013 1365 largiamur
1027 1301 1279 1369 Hippocrati
1318 1313 1359 1358 L.
1389 1312 1425 1359 de
1442 1314 1499 1360 A.
1516 1314 1722 1363 A.
1610 1303 1643 1365 &
1662 1316 1715 1362 L.
1739 1322 1772 1363 c.
1785 1319 1852 1364 XI.
1884 1320 1930 1368 &

686 1359 853 1416 Wiero,
867 1362 970 1409 vid.
989 1366 1157 1412 Obſerv.
1172 1366 1288 1414 Med.
1311 1364 1352 1425 p.
1364 1373 1432 1421 84.
1444 1367 1783 1422 immoderatam,
1797 1374 1927 1417 conti-

684 1418 838 1465 nuam,
860 1417 980 1460 nimis
1000 1417 1244 1476 violentam,
1254 1428 1398 1469 parere
1412 1421 1651 1480 hippurim,
1659 1424 1752 1469 ideo
1768 1425 1820 1469 ab
1843 1427 1928 1484 ipſo

682 1473 941 1526 Hippocrate
958 1483 1155 1525 vocatum
1155 1471 1364 1528 morbum,
1374 1488 1423 1517 ex
1430 1477 1555 1520 nimia
1563 1477 1721 1523 ſcilicet
1731 1478 1776 1523 &
1791 1474 1926 1528 minus

682 1531 933 1581 convenienti
958 1531 1213 1599 equitatione
1220 1530 1511 1593 contractum,
1528 1533 1622 1591 ſive
1632 1533 1824 1594 femorum
1849 1549 1928 1601 pe-

678 1594 831 1632 dumve
858 1597 900 1632 &
920 1594 1067 1634 artuum
1091 1578 1352 1654 reliquorum
1380 1593 1440 1637 ex
1450 1587 1752 1642 defluxionibus
1765 1596 1927 1642 diutur-

677 1651 753 1687 nos
770 1661 939 1699 labores.
996 1655 1190 1707 Quinimo
1208 1647 1504 1698 obſervatur
1468 1648 1488 1706 &
1519 1641 1588 1705 id,
1607 1654 1804 1697 veteranis
1820 1654 1928 1711 equi-

678 1711 794 1749 tibus
807 1711 959 1766 tandem
987 1707 1111 1768 genua
1134 1708 1344 1754 incurvata
1358 1709 1544 1757 manere,
1577 1713 1602 1760 &
1624 1716 1765 1762 totum
1773 1716 1928 1772 corpus

675 1761 877 1820 rigidum,
893 1769 917 1825 &
935 1764 1187 1824 articulorum
1217 1765 1432 1817 ſiccitatem
1449 1769 1679 1826 inductam,
1691 1762 1751 1829 (ut
1768 1773 1925 1825 ſutores

678 1835 817 1864 genua
827 1825 977 1865 habent
1001 1825 1168 1881 inflexa,
1174 1823 1295 1882 atque
1302 1822 1489 1870 ſartores
1508 1821 1654 1882 cubitos
1683 1841 1926 1868 incurvatos:

676 1877 777 1938 &c.)
798 1884 984 1932 Tametſi
1000 1881 1042 1930 &
1060 1886 1269 1933 obſervare
1292 1880 1413 1942 datum
1438 1881 1521 1947 eſt,
1545 1879 1698 1954 equites
1717 1885 1924 1937 veteranos

673 1951 788 1993 æque
809 1952 855 1980 ac
866 1936 1051 1998 pugiles,
1059 1943 1181 1987 nimis
1189 1939 1426 2005 frequenter
1433 1945 1618 2003 pedibus
1627 1950 1813 1997 laborare
1820 1962 1922 1994 præ-

673 1998 931 2036 ſaltatoribus.
941 1998 1044 2036 Non
1057 2004 1234 2051 quoque
1258 2000 1373 2040 plane
1396 1993 1526 2042 habeo
1553 1990 1835 2062 ambiguum,
1855 2010 1926 2041 ne-

673 2062 754 2107 que
761 2055 934 2099 inficiari
942 2056 1129 2113 poſſum,
1163 2051 1277 2114 quod
1294 2056 1414 2114 ſupra
1422 2056 1516 2113 jam
1531 2059 1631 2118 quaſi
1674 2060 1792 2116 digito
1816 2062 1924 2108 mon

669 2111 810 2175 ſtravi,
839 2113 1109 2172 equitationem
1133 2115 1331 2164 nimiam,
1345 2114 1496 2159 duram
1513 2114 1636 2160 nimis
1660 2117 1702 2160 &
1721 2116 1922 2166 ſuccuſſo-

666 2172 769 2214 riam
786 2170 860 2224 eſſe
880 2184 905 2214 e
912 2171 1040 2216 cauſis
1057 2169 1360 2229 remotioribus,
1369 2171 1519 2233 virilem
1541 2172 1761 2239 potentiam
1784 2181 1916 2236 impe-
