1463 2291
459 512 513 536 Th.

454 841 509 876 Th.

446 1111 503 1138 Th.

444 1372 497 1394 Th.

436 1641 494 1691 Th.

543 322 662 357 cessarii,
674 317 834 367 invitentur
834 327 867 368 et
882 326 1082 373 admittantur;
1102 330 1142 368 3)
1142 332 1181 369 ut
1197 332 1292 364 damna

545 366 724 405 reipublicae,
734 370 815 399 bellis
822 370 919 403 aliisve
929 363 1128 409 calamitatibus
1128 373 1221 411 illata,
1232 386 1291 405 tan-

544 422 574 443 to
589 415 704 446 celerius
715 418 908 454 resarciantur.
957 423 1018 461 Has
1027 423 1112 464 leges
1118 424 1290 466 Friederi-

543 460 603 479 cus
613 454 645 481 II.
655 449 680 481 in
691 448 811 483 coloniis
819 453 893 493 apud
902 465 954 485 nos
962 454 1115 488 condendis
1124 456 1231 489 secutus
1239 454 1288 491 est.

534 497 607 532 VII.
642 499 693 538 (B)
708 493 877 534 Alterum
900 495 1021 540 genus
1032 505 1143 538 exsistit,
1166 507 1215 535 ubi
1233 517 1286 536 ter-

541 551 585 570 rae
600 543 720 578 alicujus
738 544 828 583 partes
841 544 913 585 aliae
920 545 1028 587 incolis
1046 546 1194 589 abundant,
1213 553 1288 582 aliae

538 582 659 611 incultae
680 595 706 612 et
724 579 902 621 inhabitatae
902 580 991 623 sunt;
999 584 1120 627 haeque
1120 588 1217 629 ipsae,
1238 591 1288 628 (ut

538 635 635 663 nuper
644 628 671 656 in
688 631 780 658 arenis
787 629 1055 674 Luneburgensibus
1072 637 1205 675 tentatum
1219 634 1284 678 est,)

538 670 644 701 civibus
660 674 692 701 ad
715 675 862 704 colendum
884 677 1068 714 assignantur.
1122 680 1205 715 Quod
1225 690 1285 712 non

536 712 627 738 solum
655 721 684 739 in
710 711 816 749 magnis
840 711 1034 754 regionibus,
1049 720 1096 748 sed
1117 720 1147 748 in
1168 721 1285 758 singulis

536 761 617 781 etiam
634 754 709 792 pagis
725 756 787 790 fieri
795 764 907 796 potest;
931 756 1044 796 quando
1060 768 1162 797 autem,
1183 770 1207 790 et
1224 772 1284 796 cur,

537 803 563 822 et
579 789 721 831 quomodo
742 798 839 838 debeat
853 800 944 840 fieri,
959 808 993 827 res
1013 802 1070 837 ipsa
1089 804 1218 833 declarat.

528 842 616 875 VIII.
647 845 739 873 Atque
762 845 815 873 hoc
839 847 1013 876 coloniarum
1036 857 1124 883 genus
1143 852 1211 880 utile
1236 853 1281 881 in-

533 878 635 908 primis
646 888 671 904 et
682 881 934 910 commendandum
949 883 1068 911 videtur.
1076 876 1279 919 indigentium

532 922 607 953 enim
632 933 658 953 et
675 926 801 962 segnium
822 927 977 961 incolarum
994 936 1139 965 numerum
1158 932 1279 967 minuit;

531 973 623 1003 gratos
638 968 732 1000 reddit
744 978 813 1003 eos,
845 980 893 1009 qui
910 972 1075 1012 beneficium
1094 984 1278 1016 acceperunt;

528 1009 652 1044 reliquos
674 1010 708 1038 ad
732 1013 943 1042 aemulationem
968 1014 1091 1047 incitat;
1111 1019 1148 1056 et,
1158 1021 1277 1051 internas

530 1056 699 1095 reipublicae
713 1060 782 1088 vires
792 1060 925 1097 adauget.

517 1101 564 1133 IX
592 1101 637 1140 (C)
668 1102 840 1138 Tertium
861 1112 974 1141 genus
1000 1102 1123 1151 denique
1147 1110 1276 1144 coloniae

527 1141 648 1167 efficiunt
666 1141 762 1174 illae,
776 1149 839 1173 cum
854 1151 915 1179 pars
934 1141 1044 1176 civium.
1062 1147 1103 1186 in
1110 1154 1213 1179 exteras
1233 1157 1275 1176 re-

527 1181 624 1219 giones
638 1184 810 1218 deducitur;
841 1182 933 1223 cujus
943 1193 1077 1223 generis
1078 1194 1110 1231 et
1118 1190 1276 1230 antiquitus

524 1226 599 1264 apud
617 1229 739 1260 Graecos
751 1236 782 1261 et
804 1231 960 1270 Romanos,
960 1236 1008 1271 et
1025 1234 1122 1266 nostris
1141 1237 1274 1268 tempori-

526 1269 577 1298 bus
594 1270 668 1298 inter
684 1269 807 1308 Anglos,
834 1276 971 1308 Batavos,
983 1275 1145 1314 Hispanos,
1160 1274 1273 1312 Lusita-

525 1321 586 1348 nos,
610 1315 706 1345 Gallos
717 1316 810 1350 multa
826 1318 947 1357 exempla
963 1322 1195 1356 occurrunt.

512 1356 546 1389 X.
571 1361 673 1389 Harum
692 1359 824 1393 deductae
837 1360 906 1393 aliae
921 1361 957 1391 ad
968 1362 1113 1397 civitatem
1129 1366 1215 1399 nimia
1227 1367 1270 1396 in-

523 1400 647 1430 colarum
668 1402 751 1438 copia
767 1406 982 1438 evacuandam,
995 1408 1063 1439 aliae
1081 1409 1118 1441 ad
1135 1410 1204 1442 fines
1219 1409 1271 1446 im-

521 1443 592 1479 perii
614 1446 821 1483 propagandos,
848 1443 985 1483 novisque
1004 1453 1064 1480 aut
1078 1451 1188 1492 remotis
1202 1453 1269 1483 sub-

522 1486 588 1513 ditis
605 1493 686 1517 quasi
704 1491 830 1518 custodes
844 1486 1046 1528 imponendos,
1072 1498 1120 1521 aut
1133 1493 1167 1519 ad
1178 1501 1269 1526 occu-

521 1528 623 1564 pandas
641 1538 667 1557 et
685 1526 814 1563 colendas
832 1535 957 1569 regiones
975 1533 1103 1576 desertas,
1119 1545 1139 1567 et
1158 1538 1269 1569 inhabi-

521 1580 605 1606 tatas,
629 1584 679 1603 aut
693 1576 753 1608 deni
770 1587 811 1613 que
830 1580 864 1609 ad
886 1580 1011 1618 captivos
1025 1588 1059 1611 et
1066 1582 1204 1618 maleficos
1219 1585 1266 1612 de-

520 1616 672 1654 portandos
694 1617 793 1650 valent.

505 1658 557 1695 XI.
579 1661 697 1690 Primum
711 1661 881 1694 necessitatis
899 1671 970 1699 saepe
980 1660 1049 1706 fuit,
1052 1667 1189 1700 alterum
1207 1669 1268 1697 for-

519 1701 651 1732 titudinis
662 1710 688 1731 et
702 1704 875 1742 prudentiae,
888 1706 1006 1743 tertium
1006 1708 1169 1746 alacritatis,
1192 1714 1266 1752 quar-

519 1748 577 1769 tum
594 1743 714 1779 denique
727 1746 878 1782 sapientiae
890 1756 923 1777 et
933 1745 1126 1784 humanitatis.
1156 1753 1187 1781 In
1205 1763 1264 1782 om-

518 1786 602 1815 nibus
617 1788 702 1816 modo
716 1788 880 1826 videndum,
895 1795 941 1830 ne,
958 1789 1058 1832 civium
1077 1803 1163 1824 curam
1180 1804 1265 1832 agen-

517 1828 564 1862 do,
585 1831 645 1859 aliis
662 1840 709 1862 sua
724 1832 896 1871 eripiamus;
907 1840 1005 1869 utque,
1019 1836 1189 1875 ampliorem
1206 1841 1269 1876 illis

515 1880 640 1908 campum
664 1876 836 1911 aperiendo,
870 1875 901 1907 in
925 1885 981 1913 quo
1003 1878 1120 1914 exerceri
1142 1890 1263 1921 possint,

514 1925 602 1946 terrae
625 1918 767 1954 universae
789 1919 875 1951 simul
888 1930 920 1952 et
946 1919 1054 1964 humani
1071 1922 1182 1966 generis
1203 1928 1262 1958 cul-

514 1966 604 1991 turam
624 1958 813 1998 perficiamus.
