1679 2404
531 1699 574 1740 (a)
586 1695 654 1743 Joh.
675 1701 705 1729 I,

536 1747 585 1796 18.

714 460 755 498 in
770 454 900 495 eadem
925 455 1068 495 lumina
1086 453 1265 502 nonnulla
1279 456 1383 507 (quæ
1404 462 1509 495 natu-

712 511 801 551 ralia
817 506 932 557 vulgo
947 507 1111 558 dicunt)
1126 521 1162 548 v.
1190 518 1223 557 g.
1250 509 1421 560 impoſſibile
1435 509 1475 557 eſt
1483 504 1513 536 i-

715 565 771 611 dem
791 559 855 611 eſſe
867 562 879 595 &
897 570 956 593 non
967 560 1039 605 eſſe;
1070 568 1132 607 non
1132 560 1225 607 poteſt
1245 556 1294 603 eſſe
1303 549 1376 608 plus
1400 559 1433 592 in
1441 555 1514 607 effe-

716 616 772 661 ctu
772 623 871 661 quam
887 614 921 647 in
957 614 1067 659 cauſa,
1082 617 1116 651 &
1137 611 1266 651 ſimilia
1286 612 1509 651 theoretica,

716 679 798 718 quæ
812 666 971 706 dubium
996 670 1140 707 nullum
1160 667 1380 717 admittunt;
1395 666 1518 717 idque

713 722 821 761 ideo,
842 717 923 777 quod
941 717 1012 771 ſint
1027 718 1148 765 Dei
1116 717 1163 773 in
1173 721 1349 760 Ratione,
1380 723 1508 771 paſſive

713 782 797 811 tunc
815 772 861 811 ſe
872 772 1050 814 habente,
1065 772 1219 822 impreſſi
1245 771 1369 812 actus:
1393 770 1514 811 veluti

712 823 828 862 etiam
842 823 880 859 in
888 822 1059 872 practicis
1075 836 1118 862 ea
1134 823 1219 861 ſunt
1233 834 1312 871 quæ
1330 821 1506 872 principia

711 873 867 913 moralia
883 877 941 913 vel
963 869 1178 926 ſyntereſeos
1202 870 1374 924 dicuntur;
1408 869 1509 919 Aman-

712 924 793 960 dum
801 923 851 970 eſſe
858 924 989 966 Deum;
995 924 1111 957 nemini
1125 923 1311 968 faciendum
1323 935 1419 969 quam
1428 922 1516 971 quod

712 974 777 1023 tibi
777 974 846 1023 fieri
858 974 981 1019 velles;
988 976 1204 1025 permanentia
1204 976 1355 1025 perituris
1362 970 1419 1025 eſſe
1432 986 1517 1012 ante-

708 1026 874 1084 ponenda;
887 1026 1034 1081 aliaque
1049 1027 1096 1068 de
1108 1026 1209 1067 bono
1229 1025 1410 1078 juſtoque
1430 1037 1507 1065 non

712 1093 862 1125 tantum
875 1082 958 1124 ſcita
973 1088 1008 1124 &
1024 1081 1249 1125 dictamina,
1259 1094 1389 1122 verum
1397 1083 1508 1122 etiam

711 1138 911 1182 inſtinctus
926 1152 967 1180 ac
975 1139 1111 1180 ſtimuli
1141 1137 1162 1179 &
1179 1137 1369 1190 impulſus,
1391 1137 1457 1195 qui
1472 1148 1517 1174 a-

711 1188 797 1242 pud
810 1202 942 1229 omnes
956 1189 1047 1241 (niſi
1060 1191 1144 1243 quis
1172 1191 1294 1231 ſtudio
1327 1190 1400 1231 ſeſe
1419 1203 1459 1229 in
1472 1191 1512 1227 a-

706 1243 845 1278 theum
858 1238 1069 1279 monſtrum
1083 1236 1418 1287 transformaverit)
1441 1236 1511 1277 ob-

706 1294 863 1343 tinent;
875 1300 948 1336 quæ
964 1293 1092 1326 tamen
1102 1299 1290 1339 quatenus
1310 1301 1380 1327 nos
1404 1290 1450 1329 ad
1463 1301 1508 1328 æ-

712 1355 818 1385 terna
831 1350 869 1384 &
878 1345 994 1386 ſolida
1007 1345 1108 1383 bona
1128 1344 1326 1396 impellunt
1351 1355 1393 1383 ac
1421 1352 1507 1395 præ-

710 1403 863 1448 parant,
886 1395 1012 1434 malim
1021 1406 1094 1447 ego
1112 1396 1161 1435 ad
1172 1398 1304 1437 lumen
1323 1396 1506 1438 Divinum

710 1447 960 1503 præveniens,
984 1447 1102 1502 inque
1129 1448 1364 1490 facultatibus
1397 1450 1513 1503 ſupe-

708 1499 869 1541 rioribus
884 1501 1010 1540 lucens
1026 1503 1060 1540 &
1074 1508 1191 1551 agens
1200 1498 1330 1553 (quod
1338 1498 1437 1544 idem
1451 1500 1505 1542 eſt

711 1566 754 1592 ac
768 1555 896 1593 lumen
910 1552 1026 1601 fidei,)
1039 1563 1230 1597 revocate,
1263 1563 1377 1603 quam
1391 1553 1438 1594 ad
1452 1553 1510 1596 fa-

709 1610 887 1648 cultatem
902 1607 1181 1660 ſuperficiariam
1193 1609 1372 1649 Rationis.
1421 1612 1505 1650 Me-

712 1660 821 1700 minit
837 1659 950 1700 etiam
964 1660 1147 1711 Scriptura
1164 1661 1214 1709 (a)
1236 1662 1326 1700 Verbi
1338 1665 1415 1708 Dei,
1426 1664 1503 1698 lucis

712 1711 794 1755 veræ
805 1708 1021 1743 illuminantis
1039 1716 1143 1743 omnem
1155 1705 1314 1749 hominem
1329 1707 1503 1747 venientem

712 1763 747 1795 in
758 1759 931 1791 mundum:
958 1760 1077 1808 quam
1091 1758 1214 1793 lucem
1228 1755 1301 1794 hoc
1316 1756 1437 1806 ipſum
1450 1751 1495 1795 eſ-

711 1813 771 1855 ſe,
794 1811 911 1851 cuivis
928 1813 1033 1853 facile
1046 1818 1190 1865 pateret
1201 1812 1268 1865 qui
1286 1801 1500 1864 hujuſmodi

711 1868 928 1921 impulſibus
938 1883 1052 1923 atque
1068 1867 1332 1913 dictaminibus
1339 1871 1427 1914 eſſet
1433 1868 1500 1910 ob-

711 1931 1000 1971 temperaturus:
1026 1931 1191 1970 namque
1212 1934 1259 1962 ex
1282 1923 1353 1963 illis
1376 1917 1443 1964 ſeſe
1464 1921 1498 1969 a-

710 1973 959 2031 perientibus,
984 1989 1026 2016 ac
1040 1974 1156 2018 veluti
1169 1976 1210 2015 in
1226 1977 1345 2016 latum
1359 1978 1503 2028 expan-

711 2021 906 2069 dentibus,
931 2025 1149 2067 diviniſſima
1161 2024 1300 2077 quævis
1311 2024 1501 2076 prodirent
