2408 2714
147 453 268 504 idque
300 451 530 503 exceptione
549 449 710 502 probata
730 449 915 499 removit,
946 449 985 489 ſe
1004 449 1071 489 illo
1088 462 1108 489 a
1127 448 1249 490 Tullia
1276 444 1474 497 deſignato
1493 453 1591 483 tem-

147 526 246 565 pore
269 523 339 562 per
359 512 506 562 aliquot
532 511 681 551 menſes
701 510 879 561 abfuiſſe,
915 509 1007 549 hinc
1024 507 1128 547 hisce
1146 505 1330 554 omnibus
1349 503 1473 556 probe
1490 517 1590 555 pon-

153 575 293 618 deratis
314 574 631 625 circumſtantiis,
668 573 818 625 peraƈta
834 570 1086 624 probatione,
1122 569 1307 610 relatione
1324 568 1441 619 faƈta,
1475 578 1510 604 et
1527 579 1591 618 ap-

154 641 326 694 probatis
352 639 453 680 illinc
475 638 669 677 contentis
692 637 905 676 rationibus
929 634 1136 677 decidendi
1161 635 1214 673 nil
1238 631 1445 685 ſuperfuit,
1480 630 1589 682 quod

156 706 392 758 deſignatum
416 716 531 745 reum
559 703 754 746 abſolvere
781 703 892 762 poſſit
915 704 1048 744 Iudex.

775 828 956 898 §.27.

249 949 409 1028 Quid
445 968 560 1006 tum
597 965 773 1006 autem
810 948 1058 1025 deſignato
1094 944 1490 1024 obſervandum?

252 1059 419 1118 Extinƈta
438 1057 562 1113 itaque
579 1056 814 1112 ſuſpicione,
843 1068 918 1108 qua
937 1056 1068 1108 primo
1084 1055 1225 1095 intuitu
1241 1065 1418 1105 gravatus
1431 1053 1590 1096 videba-

153 1126 236 1171 tur
236 1119 385 1170 Cajus,
435 1118 494 1158 cui
528 1129 654 1155 autem
686 1119 848 1154 multum
880 1115 1057 1164 intereſt,
1102 1124 1140 1151 ut
1167 1110 1267 1149 fama
1294 1124 1335 1151 ac
1362 1097 1588 1166 exiſtimatio

148 1191 205 1233 illi
223 1191 466 1230 reſtituantur
480 1184 622 1240 illæſæ,
646 1181 710 1225 hic
737 1185 799 1224 hac
806 1183 1004 1235 poſitione
1018 1188 1150 1220 rerum
1168 1192 1281 1234 agere
1295 1181 1420 1233 poteſt
1435 1178 1588 1232 injuria-

149 1266 238 1286 rum
267 1251 418 1285 aƈtione
438 1257 577 1288 contra
602 1243 893 1294 deſignantem,
926 1251 1024 1290 qua,
1055 1249 1099 1278 ut
1118 1232 1263 1291 præter
1282 1237 1588 1279 recantationem

148 1317 208 1353 vel
227 1325 342 1362 pœna
364 1308 676 1350 incarcerationis
689 1310 751 1349 vel
766 1301 908 1348 mulƈta
924 1298 1089 1357 quadam
1106 1302 1324 1354 pecuniaria
1351 1315 1422 1354 pro
1441 1303 1496 1341 rei
1515 1302 1587 1341 cir-

150 1377 386 1415 cumſtantiis
410 1373 613 1422 affligatur,
648 1380 756 1420 petat
777 1383 796 1408 a
820 1369 966 1418 Iudice,
1004 1359 1149 1418 quippe
1177 1367 1280 1419 cujus
1301 1365 1459 1407 arbitrio
1477 1377 1588 1404 com-

150 1441 329 1483 mittitur.
379 1439 459 1492 Ipſa
483 1441 588 1480 enim
612 1439 702 1479 ſalus
720 1437 956 1489 Reipublicæ
971 1434 1182 1490 juſtitiaque
1205 1433 1442 1483 depoſcunt,
1478 1433 1587 1482 quod

150 1508 234 1535 talia
252 1506 291 1533 in
308 1499 456 1544 inſigne
478 1492 746 1545 præjudicium
759 1492 980 1532 innocentis
1003 1488 1147 1540 prolata
1167 1489 1435 1537 coërceantur,
1462 1495 1503 1524 et
1522 1476 1593 1524 de-

153 1561 349 1625 ſignantes
370 1564 515 1624 poſthac
534 1563 681 1603 cautius
698 1563 855 1604 mentiri
872 1560 1032 1607 diſcant;
1059 1558 1203 1612 Jnjuria
1221 1558 1328 1597 enim
1347 1557 1490 1608 absque
1500 1569 1588 1595 om-

152 1636 196 1671 ni
211 1620 329 1670 dubio
348 1616 471 1687 gravis
492 1616 653 1679 dicitur,
677 1638 767 1675 quae
779 1625 852 1669 vix
862 1637 954 1664 cum
975 1624 1045 1663 alia
1058 1622 1201 1665 verbali
1217 1620 1432 1673 comparari
1447 1620 1587 1671 poteſt,

155 1714 198 1748 et
212 1715 300 1742 cum
318 1705 484 1749 maxima
498 1685 746 1743 honeſtorum
762 1680 955 1736 virorum
967 1674 1124 1733 infamia
1133 1676 1198 1734 eſt
1198 1683 1427 1743 conjuƈta,
1464 1686 1586 1720 quan-

156 1758 206 1798 do
218 1772 252 1814 a
245 1751 428 1805 fœmina
450 1748 684 1804 meretricia
696 1747 862 1799 quadam
887 1750 943 1787 vir
969 1746 1155 1796 honeſtus
1170 1745 1229 1785 vel
1250 1756 1406 1786 correus
1430 1744 1591 1787 laſciviæ

152 1817 346 1871 ejusmodi
374 1802 593 1874 proſtibuli
610 1808 828 1872 deſignatur.
845 1815 880 1861 ᵃ)

1343 1959 1390 2020 §.
1428 1966 1514 2017 28.

161 2114 193 2142 ᵃ)
209 2107 325 2141 Carpzov
336 2107 366 2134 P.
389 2113 395 2132 2
416 2106 467 2142 Qu
490 2111 526 2133 cr.
541 2104 585 2136 96.
600 2112 625 2132 n.
643 2110 684 2137 50.
699 2103 731 2133 P.
744 2110 770 2137 4.
791 2101 880 2134 Conff.
894 2108 939 2136 45.
955 2100 1007 2133 def.
1023 2099 1073 2130 for.
1090 2107 1115 2134 3.
1129 2107 1156 2126 et
1167 2100 1191 2125 in
1204 2100 1228 2136 J.
1251 2098 1354 2129 Conſiſt.
1371 2098 1403 2129 L.
1418 2105 1444 2127 2.
1460 2096 1511 2127 def.
1528 2103 1592 2129 234.

239 2151 351 2179 Menoch
364 2153 399 2177 A.
418 2154 441 2182 J.
460 2149 538 2184 Q.L
565 2155 592 2178 2.
606 2149 674 2173 Cent
685 2155 714 2181 4.
729 2152 780 2175 cas.
798 2150 856 2180 331.
891 2144 1017 2173 Mascard
1030 2146 1072 2177 V.
1080 2139 1111 2184 1.
1119 2143 1210 2174 Concl.
1228 2149 1286 2177 350.
1304 2149 1331 2174 n.
1348 2143 1396 2173 36.
1429 2142 1509 2176 Stryk
1525 2141 1558 2169 in
1558 2141 1596 2169 akl

247 2211 319 2244 Diſs.
332 2211 364 2243 C.
375 2218 402 2244 4.
419 2217 444 2245 II.
461 2214 492 2241 5.
