2519 2785
1029 464 1112 500 tiam
1135 464 1172 499 de
1190 472 1338 513 peccato,
1357 464 1431 502 inde
1448 466 1557 516 fidem,
1577 465 1747 517 ſuccedere
1757 467 2033 519 juſtificationem,
2058 472 2133 510 hinc
2163 473 2310 512 unionem

1029 522 1102 544 cum
1112 512 1248 559 Chriſto,
1273 511 1291 547 &
1303 514 1349 559 ſic
1357 512 1464 560 fœdus
1478 518 1563 551 inter
1579 521 1720 553 DEUM
1735 517 1773 552 &
1790 520 1966 557 hominem;
1985 530 2047 553 non
2070 520 2157 567 quod
2167 520 2309 568 temporis

1029 562 1115 595 inter
1131 561 1207 602 illa,
1220 563 1279 603 ſed
1296 579 1417 605 naturæ
1437 564 1636 610 differentia,
1647 564 1802 610 actuumq́;
1814 566 2005 611 diverſorum
2014 570 2161 606 tractatio
2177 571 2311 618 obſerve-

1029 621 1093 645 tur.
1144 611 1195 646 Illi
1213 612 1307 661 planè
1322 618 1489 649 contrario
1508 614 1611 651 modo
1628 618 1664 651 &
1680 621 1731 652 via
1748 614 2035 667 philoſophentur,
2047 617 2091 670 ſc.
2098 622 2202 667 primo
2203 620 2307 667 fœdus

1031 665 1112 697 iniri
1127 668 1214 699 inter
1232 674 1347 703 DEum
1365 662 1403 703 &
1417 669 1577 703 hominem
1589 673 1802 708 peccatorem,
1831 664 1868 698 &
1889 666 1977 700 uniri
1997 667 2070 700 inde
2095 680 2165 703 cum
2181 668 2305 703 homine

1027 710 1205 752 Chriſtum,
1225 710 1435 755 juſtificatum
1451 712 1525 756 eſſe,
1539 716 1615 751 hinc
1627 713 1769 757 credere,
1788 724 1860 750 tum
1874 713 1976 749 dotere
1998 715 2171 764 aliquando
2187 719 2226 754 de
2236 727 2308 765 pec-

1028 765 1127 803 catis,
1151 772 1188 796 ut
1207 762 1353 808 adverſur
1370 770 1476 800 Deum
1493 763 1571 801 adeò
1579 766 1728 813 gratiosè
1740 769 1962 813 juſtificantem
1972 772 2153 816 commisſis,
2173 772 2235 818 idq́;
2245 781 2306 805 non

1028 817 1095 842 tam
1107 811 1217 853 Legis,
1227 821 1325 854 quam
1342 812 1512 859 Evangelii
1527 814 1659 848 intuitu.
1712 816 1864 859 Qvorum
1882 813 1999 852 deinde
2008 818 2196 855 ſententiam
2211 819 2308 856 fuſius

1026 861 1199 894 examinat.
1255 858 1340 897 Sed
1330 858 1351 909 &
1372 860 1413 897 ad
1429 865 1511 898 hanc
1529 861 1701 911 periodum
1716 864 1870 901 referendi
1879 865 1953 903 ſunt
1961 867 2131 911 Libertini,
2149 877 2307 916 qvorum

1025 914 1116 948 varia
1139 923 1258 957 genera
1282 916 1316 949 in
1334 916 1468 962 Belgio,
1494 918 1600 954 Gallia
1617 921 1651 954 &
1669 921 1844 954 Germania
1867 927 1978 955 exorta
2001 921 2139 959 recenſet
2170 927 2306 959 Hoorn-

1026 964 1111 999 beck
1125 964 1182 998 lib.
1191 966 1244 1000 VI.
1263 976 1294 1010 p.
1314 973 1358 995 m.
1375 972 1462 1008 413.
1530 967 1728 1003 Dicebantur
1743 967 1792 1003 illi
1809 968 1827 1002 à
1845 968 1996 1016 prætenſa
2004 969 2129 1018 ſpiritus
2145 972 2191 1008 ſui
2209 973 2307 1009 liber-

1025 1014 1112 1049 tate,
1128 1019 1227 1054 quam
1246 1008 1464 1055 ſeƈtabantur,
1482 1012 1517 1046 &
1531 1012 1676 1060 capitalis
1693 1025 1808 1048 eorum
1824 1026 1911 1048 error
1926 1022 2011 1057 erat;
2036 1027 2127 1052 omne
2142 1019 2306 1061 diſcrimen

1026 1054 1118 1099 boni
1130 1058 1238 1104 maliq́;
1249 1057 1371 1099 tollere,
1380 1070 1508 1106 peccata
1516 1061 1603 1097 nihil
1606 1057 1772 1108 æſtimare,
1776 1063 1911 1110 perinde
1922 1065 2037 1101 habere
2044 1069 2169 1108 omnia,
2188 1068 2269 1103 bona
2276 1063 2307 1112 ſ.

1022 1106 1128 1146 mala,
1145 1110 1214 1152 neq́;
1233 1107 1297 1141 ulla
1311 1110 1402 1153 tangi
1409 1113 1536 1156 peccati
1553 1111 1757 1158 conſcientia,
1774 1122 1832 1146 aut
1842 1113 2007 1161 ſcrupulo,
2024 1127 2132 1150 verum
2150 1127 2187 1150 ut
2203 1126 2304 1152 unus-

1022 1158 1124 1204 quisq́;
1132 1159 1193 1203 ſeſe
1206 1160 1338 1207 ſpiritui
1346 1163 1405 1207 ſuo
1415 1161 1594 1199 ducendum
1616 1167 1804 1201 committat.
1863 1167 1900 1200 In
1925 1178 1990 1215 qua
2013 1167 2137 1217 ſpiritus
2155 1170 2304 1206 libertate

1024 1202 1187 1241 aſferenda
1202 1219 1277 1242 cum
1294 1208 1500 1244 Enthuſiaſtis
1517 1208 1770 1257 conſpirabant.
1817 1213 2017 1259 Impietatem
2034 1215 2153 1248 horum
2167 1219 2244 1250 vero
2256 1216 2304 1250 ſu-

1023 1259 1151 1297 peravit
1168 1258 1315 1291 Thomas
1332 1259 1469 1293 Hobbes
1483 1260 1780 1296 Malmesburienſis
1796 1262 1955 1306 ſuperiori
1971 1263 2097 1303 ſeculo,
2126 1267 2183 1307 qui
2198 1262 2305 1309 ipſum

1017 1299 1118 1336 illum
1148 1301 1454 1338 Indifferentiſmum
1471 1308 1505 1337 &
1522 1305 1785 1341 Libertiniſmum
1807 1309 2050 1351 Epicuræorum
2081 1312 2304 1344 renovavit:

1019 1351 1139 1383 (Cum
1148 1352 1303 1396 Spinoza,
1314 1353 1366 1384 cui
1376 1354 1474 1386 DEus
1483 1360 1599 1386 natura
1607 1354 1669 1396 eſt,
1679 1354 1715 1386 &
1723 1354 1811 1389 fatali
1820 1355 2003 1391 neceſſitate
2010 1357 2128 1394 cunƈta
2136 1357 2224 1392 volvi
2232 1359 2305 1403 pla-

1021 1396 1110 1438 cuit,
1121 1397 1251 1430 Stoicos
1260 1393 1410 1431 videatur
1419 1395 1542 1433 ſecutus
1551 1395 1639 1443 eſſe.)
1663 1403 1753 1436 Sicut
1761 1402 1851 1435 enim
1858 1399 1909 1436 illi
1917 1399 2004 1451 apud
2011 1407 2082 1438 Petr
2102 1401 2304 1442 Gaſſendum

1021 1449 1059 1484 in
1078 1450 1289 1495 Syntagmate
1307 1449 1523 1500 Philoſophiæ
1541 1452 1685 1503 Epicuri,
1703 1461 1791 1501 parte
1808 1457 1859 1490 III.
1891 1453 1927 1501 c.
1932 1460 1992 1495 26.
2020 1453 2201 1493 docebant:
2228 1463 2303 1496 Pri-

1021 1506 1094 1530 mos
1106 1494 1248 1531 homines
1257 1495 1400 1543 ferarum
1420 1509 1506 1533 more
1521 1507 1658 1546 vagatos
1674 1500 1710 1535 &
1719 1500 1821 1537 multa
1843 1502 1863 1536 à
1864 1500 1946 1548 feris
1962 1515 2001 1536 ac
2015 1503 2218 1540 inclementia
2232 1507 2303 1543 cœli

1012 1544 1141 1593 paſſos,
1149 1548 1277 1583 demum
1291 1559 1330 1582 ut
1344 1550 1547 1587 incommodis
1557 1552 1619 1587 illis
1629 1553 1859 1601 providerent,
1875 1555 1912 1589 in
1919 1563 2016 1589 cœtus
2024 1555 2153 1603 coiviſſe.
2204 1562 2301 1594 Cum-

1018 1609 1085 1643 que
1100 1599 1156 1632 vel
1159 1600 1206 1644 ſic
1219 1601 1313 1645 qvisq́;
1327 1599 1383 1638 ſibi
1397 1604 1535 1648 potius,
1556 1614 1653 1648 qvam
1659 1604 1731 1638 aliis
1753 1607 1944 1651 conſuleret,
1971 1606 2010 1642 &
2017 1609 2207 1654 frequentes
2221 1610 2299 1643 rixæ

1018 1648 1196 1687 orirentur,
1215 1647 1311 1692 paƈta
1335 1660 1386 1682 eos
1408 1648 1447 1684 de
1461 1661 1524 1685 non
1540 1651 1688 1686 lædendis
1703 1652 1739 1696 ſe
1755 1654 1895 1691 invicem
1910 1654 2052 1698 iniviſſe,
2068 1653 2237 1702 conſtituta
2260 1659 2298 1691 in

1019 1695 1181 1730 lædentem
1186 1705 1290 1739 pœna,
1337 1698 1393 1737 Jta
1403 1698 1520 1743 juſtum
1529 1699 1683 1739 naturale,
1702 1698 1732 1740 ſ.
1740 1703 1855 1744 Legem
1864 1704 2040 1737 naturalem
2049 1704 2136 1739 nihil
2143 1705 2239 1740 aliud
2243 1705 2299 1750 eſſe

1015 1751 1116 1785 quam
1132 1743 1266 1786 teſſeram
1285 1745 1459 1789 utilitatis,
1475 1746 1546 1789 ſive
1571 1758 1641 1779 eam
1656 1745 1905 1790 conſpirantibus
1930 1753 2012 1785 votis
2035 1752 2228 1793 utilitatem,
2257 1760 2296 1785 ut

1015 1788 1159 1822 homines
1176 1791 1316 1823 invicem
1327 1791 1359 1831 ſe
1377 1802 1439 1823 non
1455 1792 1618 1833 læderent,
1637 1793 1697 1835 ſed
1698 1792 1807 1837 ſecurè
1823 1794 1992 1837 degerent,
2019 1799 2123 1841 quod,
2146 1802 2226 1842 quia
2244 1801 2298 1831 bo-

1015 1832 1100 1868 num
1102 1837 1164 1879 ſit,
1182 1836 1302 1870 naturâ
1318 1837 1394 1871 duce
1410 1840 1505 1881 quisq́;
1522 1846 1672 1882 expetat:
1694 1839 1766 1884 neq́;
1780 1840 1859 1874 adeo
1874 1844 2047 1887 quicquam
2054 1847 2175 1888 juſtum
2183 1848 2236 1889 eſſe
2245 1848 2298 1891 ſe-

1015 1880 1153 1914 cundum
1170 1892 1315 1916 naturam
1326 1885 1487 1927 propriam
1507 1880 1527 1918 &
1548 1886 1756 1932 invariatam.
1807 1889 1941 1928 Verum,
1957 1902 2028 1922 cum
2046 1893 2099 1929 id,
2114 1900 2205 1936 quod
2214 1899 2297 1937 utile

1013 1933 1075 1978 eſt,
1092 1933 1232 1978 conſenſu
1248 1936 1430 1978 Societatis,
1449 1938 1508 1972 vel
1522 1935 1533 1971 à
1541 1938 1739 1984 Principibus
1751 1938 1988 1986 ſubjugantibus
2005 1942 2146 1976 homines
2155 1949 2293 1990 præſcri-

1015 1982 1114 2018 bitur.
1182 1971 1258 2022 Vid.
1278 1979 1365 2019 idem
1383 1980 1561 2022 Gaſſendus
1586 1987 1621 2021 in
1647 1985 1704 2027 lib.
1721 1990 1760 2022 X.
1786 1989 1947 2035 Diogenis
1971 1989 2088 2025 Laërtii
2111 1992 2151 2027 de
2176 1993 2296 2027 morali

1012 2033 1224 2083 Philoſophia
1239 2036 1367 2083 Epicuri
1383 2033 1561 2084 Animadv.
1569 2046 1607 2093 p.
1613 2049 1660 2076 m.
1670 2044 1754 2086 183.
1802 2044 1849 2076 Ita
1857 2040 2040 2079 Hobbeſius
2052 2055 2178 2079 errorem
2196 2047 2292 2096 illum

1010 2085 1086 2120 verè
1104 2085 1262 2132 gentilem
1279 2089 1422 2131 recoxit,
1446 2090 1527 2125 dum
1542 2092 1574 2124 in
1591 2102 1709 2138 opere,
1734 2091 1826 2138 quod
1842 2092 1999 2141 inſcripſit
2017 2095 2210 2139 Leviathan,
2228 2101 2291 2136 Le-

1005 2142 1063 2177 ges
1082 2137 1238 2171 naturales
1261 2137 1312 2178 ſeu
1329 2137 1455 2181 inſitum
1473 2141 1506 2173 in
1524 2141 1610 2173 omni
1620 2151 1715 2186 gente
1731 2141 1804 2177 boni
1820 2141 1925 2186 maliq́;
1942 2142 2125 2187 diſcrimen,
2138 2147 2193 2187 &,
2205 2143 2294 2194 quod

1013 2182 1088 2218 inde
1103 2182 1259 2231 naſcitur,
1265 2183 1327 2231 jus
1345 2193 1466 2225 naturæ
1482 2196 1522 2224 ex
1546 2186 1712 2227 hominum
1733 2188 1892 2238 mentibus
1918 2189 2046 2230 evellere
2069 2203 2201 2231 conatus
2227 2196 2288 2237 eſt;

2144 2258 2288 2298 docens:
