2311 2778
711 482 919 533 *Ejusmodi
934 479 1032 517 cauſæ
1049 484 1186 529 majores
1201 480 1235 514 in
1252 491 1414 529 præcepto
1435 482 1593 518 Ludovici
1611 481 1819 529 Imperatoris
1831 494 1891 530 pro
1902 481 2047 531 Hiſpano

707 531 848 568 exule
865 533 948 582 apud
961 533 1138 580 Pythoeum
1158 544 1423 573 enumerantur:
1451 533 1514 581 Ipſe
1530 545 1599 571 vero
1619 534 1759 581 (ſcilicet
1775 535 1935 583 Hiſpanus
1951 535 2049 586 exul)

759 595 812 631 pro
861 585 1110 633 MAJORIBUS
1136 590 1292 625 CAUSIS
1308 586 1386 634 ſicut
1401 585 1471 634 ſunt
1486 584 1668 626 homicidia,
1696 594 1814 631 raptus,
1836 586 1985 628 incendia,
1997 588 2050 624 de-

755 632 975 679 pradationes,
1007 631 1218 670 Membrorum
1235 633 1470 677 amputationes,
1494 640 1610 680 furta,
1636 633 1822 673 latrocinia,
1845 634 1979 669 aliarum
2001 647 2050 671 re-

760 695 828 720 rum
846 683 1032 730 invaſiones,
1056 689 1097 726 &
1120 687 1313 731 undecunque
1329 683 1349 721 à
1368 687 1464 722 vicino
1479 689 1531 732 ſuo
1550 686 1757 723 Criminaliter
1773 696 1828 722 aut
1844 687 1982 724 Civiliter
1998 698 2051 722 ac-

762 731 901 780 cuſatus,
927 745 958 777 &
990 734 1030 768 ad
1045 735 1190 780 placitum
1211 728 1313 769 venire
1326 730 1417 782 juſſus
1436 735 1477 769 ad
1499 735 1623 770 Comitis
1636 734 1680 781 ſui
1695 735 1818 771 mallum
1836 737 1936 771 venire
1954 737 2046 772 omni-

760 785 848 820 modo
865 796 924 819 non
947 777 1068 833 recuſet.
1125 790 1369 825 CÆTERAS
1389 798 1459 824 vero
1485 791 1708 825 MINORES
1729 787 1834 833 cauſas
1858 789 1953 825 More
1970 788 2049 835 ſicut

760 840 899 874 hactenus
912 837 1002 885 feciſſe
1021 837 1192 884 noſcuntur,
1217 849 1294 876 inter
1308 837 1339 886 ſe
1356 848 1457 875 mutuo
1475 838 1596 887 definire
1616 851 1674 875 non
1688 839 1912 887 prohibeantur.

716 909 815 964 §.8.
848 906 953 962 Quæ
974 907 1076 951 circa
1099 907 1230 952 cauſas
1251 905 1421 966 majores
1440 910 1673 954 verſabatur
1699 908 1930 964 Jurisdictio
1951 909 2048 960 alta,

659 969 727 1012 ſeu
744 966 918 1009 bannum
934 964 1100 1021 Regium
1126 966 1347 1013 dicebatur,
1363 969 1408 1014 &
1425 964 1625 1025 judicium
1649 968 1724 1008 *in
1745 979 1831 1024 quo
1842 979 2049 1021 propone-

657 1029 837 1073 bantur,
872 1025 1076 1083 Judicium
1096 1026 1247 1075 altum,
1281 1027 1547 1076 Germanice,
1581 1027 1647 1076 die
1661 1024 2051 1087 Ober⸗Gerichte,

649 1083 1072 1162 Hohe⸗Gerichte,
1083 1092 1435 1161 Gau⸗Gerichte
1458 1099 1692 1139 vocabatur.

706 1182 916 1225 *Altitudo,
918 1171 998 1232 uti
1009 1181 1052 1218 du
1072 1177 1185 1220 Fresne
1203 1184 1238 1219 in
1250 1180 1406 1220 Gloſſario
1425 1191 1533 1222 notat,
1560 1195 1628 1219 erat
1645 1180 1754 1219 titulus
1766 1185 1917 1232 Regius,
1942 1191 1976 1218 &
1991 1196 2049 1233 ap-

759 1241 912 1290 pellatio:
940 1241 1046 1291 Hohe
1065 1240 1252 1286 Maͤnner,
1280 1244 1319 1279 ad
1334 1243 1499 1292 Principes
1517 1243 1650 1280 demum
1664 1237 1686 1289 &
1710 1243 1850 1281 Comites
1868 1240 2050 1293 pertinuit;

755 1291 831 1327 hinc
852 1301 965 1326 eorum
989 1289 1125 1340 poteſtas
1151 1292 1268 1328 merito
1292 1293 1427 1327 nomine
1454 1291 1541 1330 Altæ
1541 1291 1764 1331 Jurisdictionis
1785 1291 2049 1340 inſigniebatur,

754 1341 831 1389 quia
846 1341 880 1377 in
898 1340 947 1378 his
967 1340 1197 1390 principalibus
1216 1342 1324 1381 Mallis
1349 1340 1408 1379 ſub
1432 1343 1533 1381 banno
1531 1335 1673 1395 Regio
1673 1338 1875 1395 judicarunt.
1928 1343 2049 1381 Charta

754 1396 880 1434 Theod.
899 1394 1044 1445 Epiſcopi
1061 1394 1195 1437 Paderb.
1216 1396 1300 1431 Ann.
1323 1405 1430 1443 1317.
1453 1407 1490 1432 ex
1506 1394 1706 1433 Schatenio:
1746 1397 1860 1434 Altum
1874 1395 2051 1444 judicium,

745 1447 824 1493 quod
844 1457 968 1482 vocatur
1016 1441 1304 1499 Gau⸗Gerichte,
1336 1455 1502 1494 quærent,
1536 1447 1615 1495 ſicut
1632 1449 1704 1484 illud
1721 1447 1760 1485 ab
1779 1449 1906 1495 antiquo
1921 1458 2049 1494 quærere

746 1494 975 1540 conſueverant.

708 1562 748 1613 §.
769 1573 809 1615 9.
842 1559 1104 1617 Præcipuum
1119 1563 1225 1603 inter
1241 1562 1373 1604 cauſas
1394 1561 1567 1616 majores
1595 1562 1733 1606 Iocum
1750 1561 1987 1607 obtinebant
2004 1563 2048 1611 il-

656 1614 737 1660 læ,
771 1617 812 1653 in
832 1612 983 1669 quibus
1010 1613 1271 1668 quærebatur
1294 1616 1337 1656 de
1350 1605 1515 1671 Læſione
1537 1615 1716 1672 Corporis
1733 1612 1898 1659 humani
1927 1626 1964 1658 v.
1981 1625 2045 1671 gr.

657 1673 712 1716 de
730 1670 982 1720 vulneribus,
993 1671 1043 1715 de
1067 1669 1260 1717 effuſione
1272 1661 1500 1728 Sanguinis,
1517 1670 1567 1716 de
1582 1668 1877 1721 Membrorum
1899 1685 2049 1728 ampu-

658 1735 808 1779 tatione
839 1734 918 1779 &c.

704 1810 796 1855 *Jus
804 1807 940 1846 feudale
957 1807 1090 1846 Aleman
1104 1820 1132 1845 c.
1147 1821 1206 1858 42.
1238 1805 1315 1857 Alle
1333 1807 1520 1857 Gerichte,
1545 1808 1597 1852 die
1614 1807 1695 1852 uͤber
1712 1806 1812 1853 Blut
1833 1814 1953 1854 runen,
1976 1809 2048 1851 und

751 1849 837 1903 uͤber
866 1853 1077 1906 Todtſchlaͤge
1096 1862 1194 1906 gont,
1206 1857 1254 1899 die
1271 1857 1330 1907 ſoll
1346 1868 1428 1900 man
1446 1858 1507 1900 alle
1529 1866 1598 1900 von
1624 1859 1732 1901 einem
1744 1857 1959 1909 Roͤmiſchen
1975 1857 2049 1902 Koͤ⸗

756 1902 819 1952 nig
837 1899 1030 1951 empfahen.
1083 1904 1272 1941 Lædebatur
1286 1906 1416 1952 Corpus
1439 1904 1618 1940 humanum
1633 1915 1710 1940 tunc
1726 1906 1891 1945 demum,
1907 1910 2048 1954 quando

756 1958 838 2006 quid
856 1957 938 1994 ultra
960 1957 1109 1999 Cutem,
1132 1963 1166 1995 &
1183 1959 1300 1996 Crines
1315 1960 1351 1993 in
1368 1955 1434 2006 ipſo
1449 1959 1584 2008 ejusque
1601 1957 1772 1996 ſubſtantia
1787 1961 1958 1996 accideret.
1978 1961 2047 1999 Ubi

755 2000 892 2052 majores
907 2004 1008 2039 noſtri
1024 2003 1091 2040 fere
1111 2006 1225 2040 eodem
1245 2005 1344 2040 modo
1358 2014 1468 2039 cutem
1480 2009 1512 2044 &
1532 2007 1637 2042 crines
1652 2003 1670 2038 à
1685 2014 1826 2051 corpore
1846 2005 2043 2053 ſepararunt,

754 2066 822 2105 quo
848 2053 1075 2102 diſtinguimus
1100 2048 1353 2103 uniuscujusque
1376 2054 1521 2091 animalis
1539 2055 1660 2105 pellem
1674 2059 1709 2090 &
1722 2053 1804 2102 pilos
1821 2065 1974 2105 tanquam
1990 2065 2047 2092 ex-

754 2112 886 2138 ternum
904 2100 1167 2149 integumentum
1195 2100 1236 2138 ab
1252 2094 1323 2151 ipſo
1339 2113 1483 2149 corpore.
1532 2107 1623 2141 Hinc
1648 2104 1841 2151 intelligitur
1866 2107 2045 2141 formula:

751 2159 806 2210 Zu
824 2158 928 2210 Haut
952 2159 1025 2200 und
1042 2156 1145 2206 Haar
1162 2157 1300 2212 richten.
1337 2158 1465 2196 Scilicet
1476 2162 1609 2210 quando
1626 2160 1666 2197 de
1680 2154 1808 2199 læſione
1819 2161 1965 2211 corporis
1979 2172 2046 2199 non

754 2213 831 2253 eſſet
846 2213 990 2265 quæſtio.

702 2300 742 2354 §.
766 2313 829 2343 10.
862 2300 967 2356 Quæ
989 2299 1221 2358 Jurisdictio
1237 2302 1285 2344 ad
1299 2300 1468 2357 Corpora
1479 2299 1708 2359 pertineret,
1722 2301 1790 2346 ſeu
1802 2299 1918 2358 cujus
1928 2300 2044 2359 obje-

652 2357 766 2400 ctum
795 2356 916 2403 eſſent
944 2350 1066 2414 cauſæ
1096 2364 1232 2414 corpus
1268 2354 1489 2400 humanum
1517 2367 1794 2406 concernentes,
1811 2355 2045 2413 Jurisdictio
