1466 2210
462 297 635 339 Appendix
635 297 703 339 II.

945 297 1004 344 167

173 360 485 415 Thurniers⸗Helm
501 362 625 416 herfuͤr/
633 368 700 407 und
710 365 807 415 ſtehet
817 366 881 417 auf

173 412 234 452 den
245 414 366 465 euſſern
386 420 463 457 oder
479 416 599 458 lincken
615 416 766 465 zwiſchen
783 418 875 457 einen

171 466 344 515 doppelten
357 469 647 520 Hirſch ⸗ Geſtirn
670 480 737 511 von
761 470 876 520 ſechs/

169 520 224 559 als
234 528 332 562 unten
346 524 423 569 drey
432 524 499 562 und
510 522 591 564 oben
603 522 634 570 ſo
646 523 710 563 viel
718 515 876 574 Zincken/

168 569 334 612 derendas
356 573 473 623 euſſere
494 572 567 620 roth
583 573 651 612 und
673 573 782 614 innere
798 572 874 617 Ge⸗

170 615 245 667 ſtirn
259 624 318 665 weiß
351 625 413 670 iſt/
430 625 479 664 ein
489 620 568 665 uͤber
578 625 637 671 ſich
649 624 873 669 ausgebreite⸗

171 682 216 718 ter
226 679 305 721 blau
314 680 520 729 geſpiegelter
529 672 874 733 Pfauẽ⸗Schwantz/

169 725 233 774 auf
238 730 294 766 der
305 729 419 768 mitten
435 730 512 768 oder
523 731 650 769 andern
662 727 875 776 Thurniers⸗

168 771 275 818 Helm
285 775 363 818 aber
377 773 457 817 uͤber
471 779 539 816 und
554 785 614 817 vor
629 777 688 823 ſich
705 779 738 816 in
753 779 877 818 vorder

170 824 291 875 Theile
309 828 358 867 ein
372 823 563 877 gekroͤhnter
577 822 654 868 Loͤw
669 829 731 868 mit
752 831 874 873 ausge⸗

170 882 318 928 ſtreckten
332 875 539 937 Prancken/
570 884 643 930 roth
665 873 874 933 ausgeſchla⸗

170 939 265 977 gener
274 932 434 984 Zungen/
441 926 490 988 auf
501 936 606 987 deſſen
617 937 710 979 Kron
726 924 804 980 uͤber
813 936 876 988 ſich

172 985 254 1026 auch
276 986 327 1026 ein
349 984 605 1032 ausgebreiteter
622 985 877 1035 blaugeſpiegel⸗

169 1043 216 1078 ter
228 1037 605 1090 Pfauen⸗Schwantz/
619 1039 681 1078 mit
696 1041 799 1079 einem
809 1037 880 1086 gel⸗

172 1080 228 1125 ben
238 1079 397 1130 Rechen/
405 1085 473 1125 und
484 1088 576 1125 dann
591 1085 654 1130 auf
664 1087 726 1127 den
735 1088 880 1126 vordern

171 1140 249 1181 oder
281 1140 401 1181 dritten
431 1139 540 1185 Helm
566 1139 717 1188 zwiſchen
746 1147 879 1188 zweyen

171 1192 284 1238 rothen
308 1193 644 1244 Hirſch ⸗ Geſtirn/
689 1195 779 1236 iedes
808 1201 878 1235 von

169 1234 280 1286 ſechs/
314 1239 369 1280 als
395 1243 496 1280 unten
520 1239 598 1285 drey
629 1241 697 1280 und
729 1240 812 1281 oben
842 1239 877 1287 ſo

170 1291 235 1332 viel
251 1293 369 1339 Enden
391 1291 687 1341 entſpringenden/
722 1294 772 1334 ein
788 1293 882 1345 auff⸗

169 1344 276 1391 rechts
301 1347 368 1385 und
393 1345 576 1393 einwerths
601 1345 775 1393 gekehrter
793 1350 880 1386 aus⸗

170 1395 360 1441 gebreiteter
377 1397 562 1448 ſchwartzer
579 1400 682 1443 Adler
703 1410 774 1448 zum
785 1397 919 1448 Flug

169 1447 347 1496 geſchickt/
393 1449 597 1500 allermaſſen
620 1449 703 1498 ſolch
739 1454 880 1489 uniret/

169 1501 380 1544 vermehret/
415 1501 582 1548 gezieret/
613 1505 681 1542 und
703 1502 878 1553 verbeſſert

123 1544 365 1597 Graͤfliches
396 1547 582 1596 Wappen/
594 1549 627 1588 in
644 1549 752 1591 Mitte
773 1548 876 1598 dieſes

169 1603 283 1648 unſers
309 1602 538 1654 Kaͤyſerlichen
570 1605 711 1655 Brieffs
739 1608 875 1651 gemah⸗

171 1645 243 1690 let/
273 1652 341 1690 und
359 1650 421 1690 mit
440 1647 579 1700 Farben
600 1641 769 1700 eigentlich
795 1653 879 1692 aus⸗

172 1705 349 1755 geſtrichen
371 1709 464 1758 iſt.

562 1903 614 1964 L
614 1903 647 1964 4

746 1908 883 1950 ADDI-
