1629 2358
607 445 725 473 XIX.

294 508 503 562 Bertramus
525 527 564 557 et
591 517 780 566 Ludolfus
807 518 941 560 milites
964 518 1012 557 de
1033 520 1114 557 Vel-

190 572 258 618 tem
285 569 326 609 ad
353 568 559 607 inſtantiam
579 568 701 609 fratris
716 567 834 609 Vlrici
852 569 900 607 de
919 568 1114 608 Veltheim

191 617 436 659 contulerunt
462 618 610 659 fratribꝰ
636 619 784 658 Hieroſ.
808 627 831 655 2
852 616 997 656 manſos
1024 617 1113 656 ſitos

184 664 235 708 in
254 665 401 714 Haghen
421 677 506 703 cum
525 667 630 705 omni
648 663 750 705 iure,
775 676 856 713 quo
871 677 917 703 ex
932 664 1011 702 iure
1028 665 1113 703 feu-

185 719 268 757 dali
287 716 378 755 illud
394 708 569 756 habuerat
593 715 637 753 ab
656 713 847 765 Epiſcopo
872 713 1032 755 Merseb.
1051 725 1112 750 ec-

193 766 326 807 clesiæ.
380 766 514 807 Teſtes
530 761 596 806 Ar.
611 764 717 805 miles
735 763 782 803 de
797 765 943 811 Veltem,
962 772 1113 814 patruus

192 818 317 868 illius,
349 815 461 861 frater
491 816 617 856 noſter
645 817 714 856 Ar.
738 808 1019 864 commendator,
1052 816 1113 857 Fr.

193 865 305 907 Bodo
319 862 379 907 de
395 860 596 909 Warsleve,
620 863 751 914 fratres
768 861 817 902 de
834 861 951 911 domo
963 862 1005 910 in
1013 863 1113 903 Luc-

194 917 344 953 kenem.
372 918 481 952 1216.
514 925 539 961 4
559 908 680 961 Febr.

608 1081 697 1112 XX.

183 1142 287 1204 Otto
305 1156 405 1203 Dux
420 1155 708 1212 Brunſuicenſis
726 1156 846 1200 tradit
863 1154 1001 1200 Ordini
1016 1157 1113 1202 Teu-

246 1225 398 1267 tonico
422 1222 595 1279 ſiluam,
640 1232 766 1266 castro
795 1221 1030 1276 Elmesburg

380 1270 701 1338 adiacentem,
720 1289 753 1319 a.
767 1286 861 1328 1241.

192 1365 233 1492 I

233 1385 262 1432 n
284 1379 431 1433 nomine
453 1362 576 1432 ſancte
599 1388 633 1415 et
635 1373 842 1415 individue
852 1375 1029 1414 trinitatis
1037 1375 1113 1413 Dei

233 1443 370 1490 gratia
388 1441 486 1479 Otto
505 1442 591 1479 Dux
613 1440 660 1479 de
668 1439 854 1482 Bronsvic
878 1439 1053 1478 omnibus
1072 1440 1112 1479 in

196 1494 434 1540 perpetuum,
455 1490 499 1525 ad
511 1488 680 1537 notitiam
691 1498 763 1526 tam
777 1490 987 1527 futurorum
1001 1497 1113 1535 quam

196 1537 443 1589 praeſentium
477 1534 646 1575 volumus
677 1530 892 1590 pervenire
903 1533 1010 1586 quod
1029 1548 1113 1580 nos,

194 1590 251 1628 ob
267 1597 436 1626 amorem
446 1587 593 1626 divinae
607 1587 766 1636 pietatis,
791 1583 912 1626 ſilvam
929 1585 1115 1635 quandam

198 1639 417 1690 Elmersborg
443 1639 696 1689 adjacentem,
731 1651 811 1678 non
838 1639 958 1679 solum
984 1640 1115 1680 silvam

192 1695 278 1736 imo
293 1692 409 1749 ipſum
416 1705 457 1732 et
464 1691 619 1738 Locum,
632 1687 669 1739 in
681 1705 760 1745 quo
770 1692 836 1733 ſtat
845 1692 965 1733 ſilvula
974 1704 1115 1732 memo-

178 1753 373 1791 rata,--
391 1741 521 1783 fratres
537 1742 671 1783 domus
682 1742 916 1782 Alimanniae
932 1750 1114 1780 emerunt.

194 1806 222 1832 a
234 1801 295 1837 D.
308 1800 362 1843 B.
375 1796 435 1837 de
474 1794 592 1836 Dalem
611 1788 770 1842 felicis
776 1794 975 1835 memoriae
1005 1791 1115 1839 cujus

195 1848 308 1887 ſilvae
323 1860 360 1887 et
374 1846 445 1893 loci
467 1845 677 1898 proprietas
691 1848 738 1887 ad
765 1858 836 1887 nos
855 1845 1014 1896 legitime
1031 1855 1111 1896 per-

198 1897 380 1940 tinebat.
397 1893 438 1946 H.
458 1904 492 1941 S.
508 1903 560 1940 M.
588 1901 637 1939 D.
652 1900 692 1941 F.
721 1901 749 1941 I.
777 1896 1008 1949 praemisſam
1026 1907 1115 1946 pro-

197 1943 393 1996 prietatem
424 1945 582 1995 ejusdem
617 1942 701 1986 ſilve
729 1958 766 1986 et
786 1944 858 1984 loci
885 1942 1003 1994 ſepius
1025 1944 1116 1985 dicti

195 1990 429 2036 contulimus
446 1996 562 2038 libere
576 1993 767 2047 perpetuo
783 1992 1053 2047 posſidendam.
