1637 2409
500 410 758 443 EPISTOLAE.

1041 410 1109 452 581

152 476 270 515 finium
285 471 548 514 controverſiam
568 484 645 508 cum
670 472 971 517 Brandenburgico
992 481 1099 515 felici-

151 537 202 565 ter
217 524 353 580 ſopivit.
405 531 437 563 Is
455 524 626 574 Princeps,
642 525 763 570 milite,
782 537 912 568 viribus
925 531 1096 563 onmibus-

150 592 216 630 que
243 595 356 635 prope
376 581 535 620 fortunae
555 577 706 619 ſubſidiis
730 581 908 619 deſtitutus
932 579 1102 624 planeque

148 634 326 673 exhauſtus
336 633 431 684 ſpem
446 628 535 677 facit,
551 638 678 677 iterum
692 640 734 674 ad
743 638 901 672 Rhenum
910 639 1102 678 ducturum,

151 682 174 719 ſi
190 682 359 724 confectas
373 679 543 732 propoſiti
558 682 594 716 in
610 693 808 725 Pomerania
824 686 1002 724 Rugiaque
1012 687 1105 734 rati-

149 752 234 781 ones
253 742 292 779 ſit
306 740 493 778 habiturus.
544 737 610 774 Sed
628 745 710 781 haec
727 747 837 780 inania
853 737 927 782 ſunt
943 739 1103 784 credulo-

151 802 218 840 que
232 791 340 840 vulgo
355 789 511 841 placent,
525 800 600 825 mea
614 790 800 840 opinione,
816 807 906 831 arma
919 805 1047 836 Gallica
1059 793 1107 838 ita

148 854 220 884 non
234 845 404 891 ſiſtentur,
419 853 482 878 nec
495 852 653 891 receptus
663 843 884 887 Luxenburgi
900 854 1024 885 tantam
1037 846 1108 889 lau-

152 896 230 939 dem
245 899 393 939 Auriaco
410 893 584 942 conciliat,
600 894 735 943 qualem
752 895 859 938 vulgo
875 894 1001 942 ferunt.
1029 911 1107 940 Eid.

148 952 222 994 Iun.
237 959 290 994 clↄ
306 956 362 993 Iↄc
375 953 561 995 LXXVIII.

452 1049 804 1111 CCCCLXXVII.

157 1123 382 1196 ADAMO
391 1104 825 1204 CHRISTOPH.
855 1119 1109 1203 IACOBI.

157 1247 226 1325 N

225 1247 282 1293 On
299 1248 430 1293 dubito,
439 1246 529 1303 quin
544 1256 611 1294 pro
626 1256 684 1280 tua
699 1246 735 1279 in
758 1265 814 1289 me
837 1254 1013 1288 voluntate
1036 1267 1112 1287 cau-

252 1298 319 1337 ſam
335 1308 445 1333 meam
461 1308 496 1332 in
511 1294 626 1331 ſenatu
642 1295 755 1329 veſtro
772 1305 870 1336 agas,
893 1307 964 1338 non
988 1312 1113 1345 modo,

158 1354 249 1400 quod
273 1364 329 1390 me
353 1349 543 1389 ornandum
567 1347 801 1399 tuendumque
828 1348 1022 1395 ſuſcepiſti;
1054 1358 1114 1391 ſed

157 1404 268 1451 etiam,
279 1399 361 1454 quia
371 1421 472 1448 nemo
488 1406 611 1444 melius
629 1408 731 1446 rebus
746 1410 833 1443 meis
850 1407 1043 1449 conſulere,
1058 1411 1118 1448 ne-

162 1472 219 1501 mo
238 1476 330 1504 certe
345 1460 480 1501 felicius
499 1454 663 1511 opitulari
677 1456 800 1511 poteſt.
845 1456 922 1505 Qua
938 1454 975 1491 in
993 1472 1031 1496 re
1046 1459 1118 1497 fide

166 1514 225 1545 tam
246 1521 336 1553 certa
353 1508 425 1552 ſum
446 1509 629 1555 animoque
648 1518 717 1554 tam
733 1514 917 1557 conſtanti,
940 1517 978 1553 ut
998 1507 1118 1556 omnia

164 1558 205 1595 ad
223 1569 454 1608 obſervantiae
467 1562 615 1605 gloriam
633 1560 776 1611 referam
787 1569 900 1607 itaque
913 1564 1053 1604 prorſus
1061 1569 1119 1605 me

164 1620 289 1664 geram,
303 1630 340 1655 ut
353 1615 532 1657 hominem
550 1621 697 1657 ſummae
712 1638 789 1660 tuae
805 1614 981 1657 dignitatis
994 1613 1119 1654 ſtudio-

166 1661 319 1707 ſiſſimum
335 1673 442 1709 decet.
486 1668 591 1712 Quod
607 1668 718 1709 Flavii
735 1671 911 1713 conatibus
926 1665 1051 1713 reſtiti,
1068 1664 1118 1711 fa-

167 1709 256 1761 ctum
272 1729 318 1763 eſt
333 1737 490 1767 vitandae
509 1732 705 1762 offenſionis
722 1720 826 1763 cauſa.
879 1720 953 1762 Ego
970 1720 1062 1770 enim
1077 1716 1121 1764 ſic

169 1762 309 1815 affectus
323 1772 394 1822 ſum
412 1783 496 1820 erga
508 1791 639 1818 omnes,
648 1785 686 1825 ut
699 1776 830 1820 nemini
846 1779 982 1819 cupiam
993 1782 1057 1823 per
1060 1781 1120 1823 me

169 1825 322 1866 exhiberi
330 1827 513 1875 moleſtias,
519 1825 583 1876 etſi
595 1825 694 1871 ſaepe
712 1828 787 1875 aliis
804 1826 887 1868 quid
903 1824 1126 1870 tribuendum

169 1868 224 1930 eſt,
243 1879 294 1926 qui
302 1877 410 1925 ſolent
426 1886 518 1920 facili
535 1880 576 1923 de
599 1880 691 1927 cauſa
705 1879 914 1928 ſtomachari,
926 1876 1125 1928 praeſertim

171 1937 245 1966 cum
262 1933 374 1969 omnia
389 1928 639 1987 controverſiae
656 1935 765 1976 capita
781 1934 867 1977 mihi
876 1943 946 1981 non
965 1929 1037 1977 ſunt
1051 1942 1127 1981 per-

174 1967 293 2020 ſpecta.
318 1985 388 2032 Cur
397 1996 464 2031 tam
475 1996 552 2029 raro
560 1985 600 2037 ad
620 1996 684 2028 vos
700 1986 914 2039 perſcribam,
930 1983 1025 2033 cauſa
1042 1985 1127 2029 mihi

175 2021 240 2062 fuit
259 2029 401 2078 ſuſpicio
419 2037 585 2093 offenſae,
604 2049 705 2082 quam
728 2044 888 2084 plerique
897 2038 985 2082 mihi
1011 2039 1132 2090 attule-

175 2093 263 2134 runt,
272 2085 487 2135 affirmantes,
495 2103 631 2133 taedere
639 2093 806 2139 Patronos
823 2093 1040 2149 ineptiarum,
1051 2105 1135 2140 quas

640 2159 711 2201 Oo
711 2159 752 2201 3

1052 2165 1136 2201 ſcri-
