2527 2921
1006 751 1131 810 ipſam
1155 758 1318 804 quoque
1343 738 1644 787 Confeſſionem
1666 732 1729 776 vel
1751 743 1797 772 in
1818 723 2004 769 Concilio
2030 718 2105 763 eſſe
2122 714 2257 760 condi-

1008 822 1107 867 tam,
1115 812 1176 852 vel
1195 815 1373 851 veterum
1389 802 1509 844 etiam
1521 792 1805 854 Symbolorum
1830 784 2064 829 brevitatem
2080 773 2254 834 præſtare.

1007 874 1064 914 At
1079 865 1247 924 dignitas
1262 857 1441 908 Symboli
1464 867 1539 897 nec
1556 867 1577 894 a
1596 851 1676 892 ſola
1699 841 1956 890 multitudine
1978 837 2201 880 ſociorum,
2218 825 2256 866 &

1009 913 1335 984 approbantium,
1349 929 1425 959 nec
1442 928 1461 957 a
1473 911 1624 969 Synodi
1638 910 1798 961 alicujus
1816 900 2063 953 auƈtoritate,
2075 891 2141 934 ſed
2157 883 2257 945 poti-

1009 1002 1055 1027 us
1071 994 1263 1040 perpetuo
1274 989 1366 1020 cum
1384 973 1588 1030 Scripturis
1605 965 1810 1018 conſenſu,
1826 966 1852 1020 &
1870 963 1916 1019 ad
1929 951 2181 1013 præſtandum
2202 940 2259 985 di-

1011 1051 1215 1100 ſcretionis
1246 1046 1424 1092 officium
1448 1035 1693 1096 aptitudine,
1727 1026 1937 1087 dependet.
1968 1025 2015 1064 Et
2037 1019 2260 1076 quanquam

1012 1108 1217 1159 Confeſſio
1234 1112 1396 1154 tantam,
1416 1103 1606 1152 quantam
1624 1101 1753 1135 vetera
1762 1083 1962 1144 Symbola,
1979 1072 2261 1122 rotunditatem

1012 1179 1101 1207 non
1119 1164 1284 1217 præſtat,
1300 1158 1448 1212 præſtat
1464 1170 1602 1200 tamen
1614 1148 1807 1199 aliquam,
1822 1144 1875 1188 &,
1891 1147 1919 1185 ſi
1941 1147 1990 1188 ad
2005 1131 2197 1175 Codicem
2212 1117 2271 1163 ſa-

1016 1239 1131 1263 crum,
1166 1225 1204 1258 &
1219 1222 1434 1271 Syſtemata
1452 1218 1686 1258 noſtratium
1702 1204 1910 1250 referatur,
1933 1185 2168 1247 notabilem.
2184 1172 2266 1223 Suf-

1016 1289 1103 1331 ficit
1118 1285 1312 1339 denique,
1327 1275 1437 1329 quod
1452 1271 1521 1330 ipſi
1537 1265 1722 1327 Crypto -
1722 1260 1966 1319 Calviniani,
1990 1256 2031 1298 &
2045 1241 2268 1310 Philippiſtæ

1018 1344 1323 1398 Confeſlionem
1345 1339 1448 1385 hanc
1468 1343 1541 1381 pro
1559 1336 1718 1379 norma,
1734 1331 1852 1370 nota,
1874 1316 2007 1368 regula
2028 1313 2078 1363 &
2078 1295 2268 1361 Symbolo

1018 1411 1144 1453 ſtatem
1164 1410 1253 1458 poſt
1262 1402 1576 1444 exhibitionem,
1594 1395 1770 1433 habitam
1793 1386 1886 1433 eſſe,
1904 1381 2127 1422 largiantur.
2150 1363 2214 1415 m)

1124 1465 1171 1521 §.
1180 1460 1232 1521 V.
1250 1465 1393 1512 Neque
1409 1467 1555 1505 tamen
1572 1463 1752 1490 omnium
1782 1463 1856 1494 per
1879 1445 2024 1483 orbem
2046 1429 2274 1471 Chriſtiana-

1018 1537 1142 1582 rum,
1153 1526 1221 1569 ſed
1241 1533 1468 1569 quarundam
1477 1514 1524 1555 in
1538 1515 1736 1549 Germania
1750 1499 2005 1548 Eccleſiarum,
2026 1481 2094 1537 eſt
2107 1485 2281 1528 Symbo-

1015 1587 1124 1637 lum,
1139 1587 1280 1625 earum
1296 1580 1454 1625 nempe,
1474 1578 1641 1621 quarum
1659 1566 1777 1614 initio
1793 1560 1958 1605 nomine
1981 1558 2198 1591 conſcripta
2207 1535 2274 1573 eſt,

1024 1646 1072 1695 &
1076 1643 1219 1689 oblata.
1226 1636 1424 1695 Deinceps
1431 1630 1607 1684 illarum,
1614 1634 1696 1677 quae
1707 1621 1919 1664 ſeptennio
1931 1614 2024 1653 poſt,
2033 1610 2082 1653 in
2100 1598 2283 1643 Conven-

1020 1711 1074 1756 tu
1090 1705 1361 1745 Smalcaldico,
1370 1700 1544 1738 eandem
1555 1695 1816 1731 receperunt,
1831 1679 1996 1720 quarum
2012 1670 2184 1700 nomina
2196 1657 2277 1695 per-

1022 1765 1124 1810 inde
1146 1763 1358 1805 ſubſcripta
1384 1758 1499 1801 ſunt,
1526 1744 1704 1788 deniquw
1729 1740 1908 1776 omnium
1939 1729 2093 1774 earum,
2118 1722 2195 1772 quae
2211 1706 2286 1747 do-

1024 1824 1196 1864 ƈtrinam
1216 1812 1478 1855 Confeſſione
1492 1790 1836 1852 comprehenſam,
1848 1785 1897 1828 in
1918 1788 2051 1821 exteris
2069 1785 2184 1822 etiam
2200 1772 2280 1808 pro-

1031 1885 1178 1925 vinciis
1196 1876 1230 1912 &
1260 1873 1490 1908 regionibus
1524 1860 1780 1896 admiſerunt.
1838 1847 1920 1883 Ubi
1952 1849 2094 1883 tamen
2115 1835 2282 1862 monen-

1032 1931 1132 1974 dum
1147 1924 1222 1971 eſſe
1247 1928 1448 1981 ducimus,
1451 1906 1638 1974 diſtingui
1654 1904 1812 1962 debere,
1819 1900 1922 1944 inter
1937 1891 2106 1937 veritates
2122 1895 2164 1936 in
2181 1890 2286 1933 Con-

1030 1991 1200 2039 feſſione
1211 1984 1431 2031 con    as,
1442 1977 1484 2009 &
1491 1971 1599 1999 L   er
1607 1961 1803 1994 ver  utum
1821 1951 2022 1990 externam
2034 1932 2285 1996 diſpoſitionem,

1036 2040 1076 2079 &
1104 2027 1521 2090 coagmentationem,
1554 2015 1638 2071 vel,
1663 2026 1708 2059 ut
1748 2008 1903 2056 brevius
1939 2004 2170 2059 loquamur,
2191 1988 2287 2040 inter

1037 2093 1301 2143 Confeſſionis
1316 2085 1521 2142 materiam,
1537 2082 1578 2124 &
1583 2076 1751 2137 formam
1779 2076 1991 2116 externam.
2049 2063 2140 2122 Qua
2163 2056 2286 2102 illam,

1037 2149 1227 2189 materiam
1243 2156 1419 2196 nempe,
1451 2141 1490 2186 &
1512 2141 1687 2190 veritates
1697 2126 1812 2180 ipſas,
1828 2124 1995 2174 dubium
2016 2132 2101 2165 non
2118 2113 2183 2166 eſt,
2197 2099 2288 2163 quin

1041 2208 1246 2257 Confeſſio
1270 2207 1315 2247 ſit
1346 2201 1533 2244 omnium
1556 2191 1867 2238 Chriſtianarum
1898 2178 2176 2236 Eccleſiarum,
2200 2175 2285 2211 cum

1041 2263 1199 2309 nullum
1215 2261 1258 2300 in
1278 2259 1324 2297 iis
1341 2256 1592 2296 contineatur
1615 2252 1788 2298 dogma,
1811 2247 1920 2292 cujus
1944 2233 2185 2289 confeſſione
2207 2226 2289 2264 non

1041 2316 1212 2375 quilibet
1221 2310 1464 2354 Chriſtianus
1479 2310 1529 2351 ab
1547 2306 1766 2351 errantibus
1783 2304 1823 2345 ſe
1838 2302 2076 2348 diſtingvere
2084 2276 2245 2343 debeat,
2241 2266 2290 2329 n)

1046 2377 1180 2436 (quod
1195 2368 1365 2425 intuens,
1384 2371 1658 2413 CALOVIVS,
1681 2366 1852 2406 eandem
1870 2355 2140 2408 Oecumenicum
2155 2330 2290 2396 Symbo-

1043 2450 1121 2496 lum
1137 2431 1328 2489 appellare
1343 2435 1428 2465 non
1448 2420 1657 2471 dubitauit,
1686 2420 1726 2463 o)
1743 2417 1892 2462 etiamſi
1907 2427 1994 2464 non
2008 2396 2234 2457 requiratur,
2249 2387 2289 2421 ut

2199 2442 2297 2489 veri-

1099 2589 1154 2632 m)
1180 2582 1254 2620 Vid.
1279 2575 1421 2613 endliche
1436 2567 1641 2606 Erklährung
1658 2577 1685 2598 c.
1703 2562 1847 2597 Flacium
1854 2565 1915 2594 Ao.
1924 2561 2005 2592 1570.
2022 2550 2071 2577 lit.
2086 2539 2125 2579 D.
2174 2525 2212 2572 n)
2221 2509 2289 2559 Vid.

1150 2612 1353 2670 Reformatio
1374 2610 1650 2644 Wittenbergenſis
1674 2596 1766 2640 apud
1782 2595 1878 2644 Celeb.
1907 2590 2105 2632 Cyprianum
2123 2578 2161 2617 in
2181 2545 2290 2618 Nützl.

1154 2673 1298 2730 Urkund.
1305 2682 1339 2735 p.
1348 2681 1412 2722 45.
1443 2668 1485 2720 o)
1498 2667 1535 2707 in
1555 2666 1658 2716 Exeg.
1676 2664 1719 2701 A.
1748 2663 1786 2702 C.
1809 2672 1839 2697 c.
1854 2665 1929 2695 l.n.
1952 2662 1996 2689 21.
