1854 2816
548 528 652 581 ſuam.
704 536 752 570 At
767 538 973 583 quomodo?
1026 537 1217 584 Celerrime,
1252 536 1476 589 potentiſſime!
1527 543 1616 581 Hoc

553 590 695 638 reſpicit
716 600 769 630 tot
786 592 972 637 miracula,
999 595 1088 643 quae
1107 594 1252 633 celerius
1276 598 1518 644 propagandae
1533 598 1614 637 reli-

555 652 673 698 gionis
692 654 788 689 cauſa
804 660 939 700 patrata
960 654 1025 692 eſſe
1048 663 1242 695 narrantur.
1296 660 1370 696 Not.
1392 671 1425 696 2.
1450 663 1542 697 Act.
1560 663 1613 698 II.

555 726 605 752 us
618 727 701 764 que
727 720 775 753 ad
802 720 918 756 XIII.
949 719 990 755 de
1016 723 1208 767 propagato
1234 730 1297 764 per
1321 720 1493 769 apoſtolos
1511 734 1614 761 euan-

555 776 651 825 gelio
678 778 792 816 ſermo
817 780 874 816 eſt.
930 781 1019 818 Cum
1045 789 1163 819 autem
1189 784 1334 828 docent,
1363 785 1489 822 docere
1512 785 1547 822 ſe
1563 786 1612 824 di.

555 843 641 871 cunt
648 832 797 884 jubente,
815 835 954 887 juuante
971 836 1112 887 Chriſto;
1139 849 1220 876 cum
1237 837 1404 876 miracula
1421 844 1545 886 edunt,
1568 835 1613 878 ea

552 900 591 938 ſe
615 902 716 937 edere
739 900 858 938 dicunt
881 898 912 936 ἐν
935 896 1076 950 ὀνοματι
1096 912 1220 953 ϰυϱιου,
1254 912 1313 948 per
1335 903 1445 950 illum;
1470 912 1611 952 negant,

552 967 591 1006 ſe
614 966 648 1002 id
673 964 869 1014 praeſtare;
902 967 1069 1018 quidquid
1092 970 1221 1008 faciant
1243 977 1278 1007 et
1302 972 1435 1016 dicant,
1466 973 1519 1016 id,
1549 973 1611 1020 ipſi

552 1023 782 1071 profitentur,
808 1026 926 1063 facere
952 1033 987 1064 et
1014 1028 1131 1065 dicere
1154 1028 1347 1072 Chriſtum,
1375 1028 1435 1079 qui
1453 1028 1493 1067 ſit
1511 1043 1611 1069 reuo-

553 1094 660 1128 catus
671 1086 707 1121 in
724 1086 830 1121 vitam
847 1092 882 1122 et
899 1087 1102 1126 conſtitutus
1119 1089 1280 1125 dominus
1297 1088 1468 1129 omnium.
1513 1092 1611 1129 Huic

550 1145 636 1185 loco
663 1146 827 1184 hiſtorico
866 1146 1082 1197 jungendum
1121 1151 1169 1187 eſt
1194 1150 1281 1190 illud
1317 1154 1443 1193 Chriſti
1477 1154 1610 1191 dictum

546 1212 681 1253 Matth.
697 1215 852 1252 XXVIII.
876 1216 933 1255 18.
950 1213 1043 1262 ſqq.:
1072 1214 1152 1250 data
1171 1216 1250 1253 mihi
1269 1214 1310 1264 eſt
1325 1215 1458 1265 poteſtas
1474 1217 1613 1267 uniuerſi

550 1269 681 1310 mundi;
706 1280 782 1316 ergo
799 1272 864 1309 ite,
891 1270 996 1305 docete
1011 1278 1125 1320 gentes
1146 1282 1261 1309 omnes.
1315 1275 1420 1319 Quod
1436 1272 1534 1325 jubet
1549 1287 1610 1313 eos

548 1340 745 1378 propagare
771 1333 966 1372 doetrinam
988 1334 1102 1374 ſuam,
1140 1336 1178 1373 in
1204 1338 1272 1373 hoc
1295 1337 1419 1374 nititur
1442 1339 1515 1387 jam
1544 1350 1607 1376 eo:

546 1392 598 1426 ich
612 1393 699 1425 kann
712 1390 813 1426 durch
828 1393 878 1426 die
884 1401 994 1440 ganze
1012 1395 1096 1430 Welt
1110 1395 1271 1432 würken;
1301 1396 1439 1441 proinde
1452 1404 1494 1435 et
1509 1398 1610 1434 adero

545 1459 603 1488 ego
619 1446 708 1473 vobis
713 1448 780 1487 ſine
790 1448 868 1485 fine.
922 1451 997 1476 Cur
1008 1458 1093 1477 vero
1107 1435 1299 1486 praemittit
1315 1449 1370 1485 id,
1393 1453 1492 1488 penes
1504 1459 1554 1480 me
1567 1448 1608 1494 eſt

547 1510 722 1554 imperium
743 1508 820 1543 coeli
845 1516 879 1543 et
903 1517 1032 1547 terrae,
1067 1507 1129 1544 niſi
1153 1511 1246 1559 quod
1274 1511 1315 1557 ſe
1338 1509 1471 1550 habere
1494 1510 1549 1562 jus
1570 1519 1608 1551 et

546 1568 775 1618 poteſtatem,
801 1570 870 1608 hoc
887 1569 933 1609 ſic
951 1571 1168 1617 inſtituendi,
1194 1572 1373 1614 declaret?
1423 1574 1535 1617 Simul
1548 1588 1607 1615 au-

546 1639 640 1676 tem,
668 1633 762 1684 quod
778 1634 907 1672 fortem
931 1634 974 1673 iis
1000 1635 1155 1674 animum
1181 1636 1340 1684 inſtillet,
1374 1643 1413 1675 ut
1428 1644 1532 1686 agant
1547 1636 1605 1687 ſic,

545 1697 697 1736 doceant
712 1696 845 1739 ubiuis;
866 1698 901 1735 ſe
920 1698 1034 1743 enim,
1060 1698 1123 1750 qui
1141 1698 1256 1738 mittat
1272 1701 1382 1749 ipſos,
1415 1701 1606 1751 imperium

548 1759 642 1795 coeli
659 1764 842 1808 terraeque
867 1760 1013 1800 tenere?
1065 1760 1123 1799 Eſt
1144 1773 1228 1810 ergo
1251 1762 1285 1802 id
1312 1757 1524 1808 βασιλευειν,
1556 1764 1606 1803 eſt

546 1822 785 1862 praedicatum
806 1817 1065 1857 βασιλευοντος:
1097 1823 1202 1855 mittit
1224 1816 1386 1868 apoſtolos,
1419 1822 1477 1872 qui
1491 1815 1605 1864 ubiuis

546 1875 697 1934 doceant,
712 1884 808 1935 facto
829 1890 866 1923 in
891 1885 1061 1935 Palaeſtina
1085 1891 1191 1927 initio.
1244 1889 1340 1934 Quid
1355 1900 1443 1936 ergo
1458 1891 1531 1935 agit
1545 1892 1604 1927 hic

545 1942 761 1991 βασιλευων?
814 1945 938 1991 Incipit
962 1956 1160 1993 propagare
1182 1949 1378 1986 doctrinam
1393 1951 1500 1990 ſuam.
1548 1953 1603 1989 Ita

541 2011 729 2046 propagatio
749 2008 915 2035 doctrinae
936 2008 984 2037 eſt
1001 2006 1222 2047 praedicatum
1245 2005 1410 2052 regnantis
1424 2002 1456 2053 ſ.
1470 2004 1603 2047 domini.

545 2070 650 2095 Haec
674 2068 721 2094 eſt
747 2076 816 2096 una
849 2078 929 2104 pars
956 2063 1050 2098 illius
1083 2064 1201 2098 ideae:
1232 2072 1357 2110 ϰυϱιος,
1391 2058 1602 2107 βασιλευων!

543 2116 625 2154 Alia
668 2138 747 2162 pars
786 2137 825 2155 ea
850 2124 915 2155 eſt:
968 2121 1109 2158 Paulo
1143 2120 1246 2166 poſt
1278 2131 1373 2167 per
1394 2116 1602 2162 eosdem

545 2195 799 2226 eorumque
832 2182 1058 2226 collegas,
1103 2175 1266 2218 deinde
1297 2192 1387 2227 per
1417 2189 1601 2222 varios

544 2250 781 2286 doctores,
817 2246 941 2282 inter
981 2254 1132 2283 omnes
1172 2245 1385 2284 nationes
1422 2250 1601 2289 traden.

543 2310 641 2345 dam
669 2307 868 2352 curauit,
904 2308 1072 2350 effecta
1101 2307 1387 2359 religionum
1411 2310 1656 2361 publice

541 2377 835 2409 receptarum
867 2368 1178 2404 conuerſione
1215 2366 1351 2411 plane
1381 2358 1598 2406 inaudita.
