1493 2243
269 395 416 439 XXIII.
445 396 519 437 Sed
536 397 650 439 neſcit
665 396 771 440 furor
784 403 970 443 miraculo
983 406 1056 443 mi-

160 449 308 491 teſcere.
372 453 584 509 Quumque
620 452 803 499 reſediſſet
847 469 1052 517 parumper

159 511 362 551 tumultus,
397 509 494 549 Ieſus
530 510 628 565 ipſos
653 511 883 562 Pontifices,
916 517 1051 573 templi

154 566 364 616 praefectos
395 569 435 605 &
459 565 654 613 ſeniores,
686 567 820 622 quibus
851 574 1044 627 expeditio

152 630 248 661 haec
266 623 496 665 demandata
511 636 602 674 erat,
617 623 790 672 adfatur:
816 633 1042 686 Tamquam

152 682 211 716 ad
235 681 434 719 latronem
458 682 642 735 exiuiſtis
669 683 853 726 violenta
882 699 1040 731 manu;

151 752 225 770 cur
265 749 376 772 motu
409 750 452 772 eo
485 751 584 790 opus
614 739 745 791 fuit?
817 738 1044 796 Numquid

147 799 316 830 armatis
324 796 508 847 ſtipatus
512 796 639 845 ſedi,
664 809 794 849 quum
815 800 861 837 in
886 798 1036 855 templo

146 855 281 898 veſtro
298 853 484 908 quotidie
494 854 654 911 publice
677 854 876 903 docerem,
905 867 957 899 vt
967 861 1034 911 ſe-

147 912 288 962 ceſſum
307 919 541 968 quaeratis,
566 926 696 968 quum
712 930 851 973 capere
869 931 1033 964 conten-

145 963 310 1014 ditis?
343 968 404 1007 Et
416 970 460 1022 ſi
487 970 733 1012 auctoritate
758 974 920 1027 publica
952 976 1031 1022 hoc

137 1026 298 1075 factum
316 1026 393 1072 eſt,
424 1037 497 1065 cur
516 1026 554 1066 ei
565 1025 823 1084 exſequendo
838 1043 932 1083 erga
950 1044 1031 1074 non

141 1077 381 1134 reſiſtentem
415 1081 490 1140 illa
533 1094 595 1123 vis
621 1085 812 1140 paranda
831 1087 953 1140 fuit?
982 1092 1030 1136 Si

140 1142 328 1180 doctrina
337 1134 525 1194 peccaui,
539 1139 598 1191 ibi
605 1143 907 1189 vindicandum
916 1149 1031 1199 fuit,

141 1215 273 1242 quum
295 1200 596 1247 delinquerem;
617 1213 723 1236 nunc
721 1201 823 1251 ſcio,
839 1200 1028 1243 animad-

140 1258 342 1309 vertitis,
341 1257 530 1306 quando
547 1258 684 1297 adhuc
695 1260 822 1308 veſtri
836 1260 942 1313 facti
962 1263 1028 1303 iu-

129 1315 292 1357 ſtitiam
308 1313 434 1347 alicui
450 1307 673 1366 adprobare
689 1308 893 1366 ſatagitis.
949 1314 1034 1359 Sed

139 1379 240 1424 haec
262 1378 350 1418 hora
383 1369 460 1418 eſt,
488 1365 573 1420 qua
593 1377 800 1425 potentiae
824 1372 1029 1428 infernali

136 1430 398 1483 tenebrarum
419 1427 595 1463 habenae
619 1425 848 1471 laxantur,
875 1420 928 1477 &
951 1425 1030 1469 ali-

136 1487 250 1537 quid
260 1482 439 1541 amplius
454 1485 575 1534 licet,
603 1498 656 1530 vt
668 1491 892 1549 praeſtem,
913 1504 1024 1548 quae

137 1546 265 1587 veſtri
275 1539 501 1595 prophetae
517 1540 566 1579 de
571 1540 691 1596 ſorte
706 1558 792 1584 mea
806 1540 1025 1601 praedixe-

137 1611 252 1637 runt.
313 1599 411 1641 Alio
446 1609 623 1656 tempore
655 1600 809 1658 ligatas
830 1605 1027 1660 habuiſtis

137 1673 309 1703 manus,
325 1670 378 1699 vt
393 1671 529 1702 nocere
543 1674 614 1703 nec
618 1663 788 1720 poſſitis,
806 1676 1028 1720 quantum-

137 1719 210 1749 vis
227 1719 421 1752 voluntas
450 1729 532 1754 non
557 1717 703 1768 defuit.
772 1718 830 1760 Ita
863 1718 1026 1763 cauſſam

136 1776 243 1817 ſuam
269 1776 350 1813 ſatis
374 1775 645 1823 demonſtraſſe
667 1782 783 1823 cuiuis
807 1782 968 1825 iuſtitiae
988 1797 1030 1823 a-

138 1834 263 1870 manti
279 1832 382 1872 credi
396 1844 572 1888 poterat;
604 1834 667 1878 ſed
694 1837 810 1886 nihil,
836 1840 943 1893 quod
972 1843 1030 1887 iu-

137 1892 238 1924 ſtum
257 1901 359 1933 erat,
385 1888 486 1927 hiſce
505 1891 709 1932 iniuſtitiae
731 1902 926 1934 extremae
946 1887 1028 1933 ma-
