1647 2383
611 308 703 350 quoad
718 309 854 350 poſterius
865 308 1026 341 tenendum,
1035 304 1102 339 tales
1108 310 1238 351 equidem
1251 309 1338 344 fuiſſe,
1347 311 1397 343 qui
1408 307 1508 349 ſuppli-

611 355 654 380 cia
662 358 838 390 mortemque
851 351 982 380 ſubierint
993 350 1030 379 ob
1038 350 1204 383 doƈtrinam,
1219 359 1267 389 quæ
1278 344 1433 380 verſabatur
1444 354 1509 380 circa

613 396 831 434 ſpeculationes,
868 403 986 434 quarum
1013 404 1112 425 vanam
1138 394 1277 425 habebant
1304 394 1510 435 perſuaſionem,

612 446 671 467 non
684 444 778 466 autem
795 439 832 466 ob
847 438 918 467 faƈta
934 437 1050 468 ſenſibus
1067 436 1149 466 obvia
1164 436 1295 476 plurima,
1310 434 1379 465 varii
1393 434 1509 475 generis,

613 485 735 515 quorum
756 478 836 510 teſtes
854 479 882 508 ſe
905 478 1040 509 dixerint,
1070 475 1161 508 multò
1185 474 1279 509 minùs
1300 486 1424 516 tepertos
1435 478 1512 509 fuiſſe

614 520 658 549 tòr
674 520 819 550 homines,
841 528 962 559 quorum
976 518 1069 548 nullus
1086 518 1220 558 ſupplicia
1233 527 1408 558 mortemque
1426 518 1513 549 ſubire

613 560 802 591 detreƈtaverit
827 563 864 590 ob
885 559 958 591 faƈta
984 560 1102 590 ſenſibus
1124 559 1222 591 obvia;
1244 559 1343 591 deinde
1357 557 1382 599 ſi
1390 559 1512 591 fuerunt,

612 603 662 642 qui
680 605 716 632 ob
731 602 867 645 doƈtrinas
879 602 1011 642 quasdam
1027 600 1161 642 ſupplicia
1173 603 1238 643 paſſi
1256 601 1328 635 ſunt,
1349 611 1393 632 eas
1409 611 1460 641 pro
1468 611 1511 631 ve-

614 646 651 673 ris
664 644 833 672 habuerunt,
854 641 930 682 quod
943 641 1036 681 ipſum
1050 641 1193 672 oſtendere
1207 642 1336 672 volumus
1349 642 1383 672 de
1395 641 1513 681 Apoſto-

613 686 667 717 lis,
689 685 763 725 ipſos
778 693 828 722 pro
843 694 909 714 vero
930 683 1067 717 habuiſſe,
1090 684 1167 725 quod
1182 683 1382 724 præditabant;
1403 684 1512 714 tandem

612 727 759 766 integritas
778 726 841 756 vitæ
855 726 1056 765 Apoſtolorum
1074 735 1128 765 pro
1145 725 1295 756 ſinceritate
1309 734 1405 755 eorum
1422 724 1512 764 loqui-

614 774 667 799 tur,
689 766 856 805 impoſtores
870 765 944 794 enim
958 773 1015 795 non
1028 774 1123 797 amant
1133 764 1243 797 ſtudere
1258 765 1363 797 virtuti,
1381 764 1512 804 cupidita-

614 814 689 843 tibus
703 813 808 842 bellum
820 812 949 844 indicere.

574 889 687 922 Oƈtavò,
709 885 775 930 quia

573 937 741 974 antiquitate

575 976 612 1010 &
629 972 701 1003 modô
715 981 775 1014 pro-

569 1017 721 1046 pagationis
742 1007 772 1036 ſe

574 1053 747 1073 commendat.

854 895 930 925 122.
957 883 1137 930 Tandem,
1159 883 1304 932 oƈtavò,
1327 883 1511 926 Revelatio

798 933 1090 976 Chriſtianorum
1117 934 1265 969 omnium
1287 930 1327 982 eſt
1351 926 1512 982 antiquiſ-

785 985 908 1041 ſima,
921 990 963 1031 &
980 988 1087 1026 debitô
1109 987 1205 1025 modô
1225 993 1416 1037 propagata
1416 986 1512 1035 fuit:

797 1035 935 1082 quippe
952 1046 1054 1073 ætate
1068 1035 1177 1085 longè
1193 1037 1367 1073 antecedit
1386 1046 1512 1072 omnes

794 1084 947 1131 reliquas
972 1082 1225 1126 revelationes,
1264 1084 1446 1130 antiquior
1467 1082 1512 1121 eſt

573 1134 814 1175 veruſtiſſimis
825 1136 1028 1175 Gentilium
1041 1136 1202 1179 oraculis,
1227 1134 1348 1173 ſumſit
1359 1145 1512 1182 namque

574 1185 758 1234 originem
774 1185 870 1224 ſuam
892 1195 983 1223 mox
1000 1187 1017 1225 à
1035 1187 1230 1226 Creatione
1245 1185 1394 1230 Mundi,
1418 1185 1512 1223 inde-

574 1243 647 1282 que
674 1234 875 1272 continuata
898 1232 984 1279 fuit,
1013 1242 1054 1271 ut
1081 1234 1253 1282 paulatim
1275 1235 1385 1272 fuerit
1404 1234 1512 1278 auƈta,

574 1282 743 1333 quædam
762 1286 860 1323 enim
881 1285 981 1325 fuêre
1007 1284 1149 1337 addita,
1167 1285 1230 1323 alia
1257 1286 1385 1323 clariùs
1402 1283 1511 1335 expli-

574 1345 667 1384 cata;
696 1340 860 1378 doƈtrina
881 1339 919 1375 in
942 1351 982 1377 ea
1013 1348 1182 1377 contenta
1210 1349 1285 1375 non
1320 1345 1511 1388 propagata

574 1387 644 1426 fuit
669 1387 706 1424 vi
732 1396 920 1423 armorum
936 1394 996 1424 aut
1014 1386 1152 1430 aſtutiâ,
1184 1384 1244 1424 ſed
1259 1384 1413 1436 ſimplici
1432 1395 1512 1434 pro-

572 1434 756 1485 poſitione
779 1436 947 1474 Veritatis
966 1446 1005 1474 ac
1030 1434 1174 1474 ſummô
1188 1433 1345 1473 candore
1367 1445 1435 1483 per
1448 1435 1510 1473 ho-

574 1486 692 1523 mines
717 1496 791 1522 non
815 1496 981 1535 potentes
1001 1497 1068 1524 nec
1093 1486 1257 1533 callidos;
1284 1488 1424 1525 Gentes
1441 1495 1518 1537 non

575 1536 678 1574 fuêre
693 1536 826 1574 coaƈtæ
841 1537 886 1575 ad
900 1536 1175 1575 Revelationem
1188 1535 1284 1573 illam
1302 1535 1511 1582 ampleƈten-

574 1585 671 1628 dam,
693 1585 753 1622 ſed
775 1594 954 1634 permotæ
968 1585 1178 1628 rationibus,
1201 1595 1242 1622 ut
1255 1584 1327 1623 Iuci
1338 1584 1510 1626 cederent;

577 1636 756 1674 conviƈtæ
771 1634 973 1681 miraculis;
1008 1634 1140 1684 gaudet
1163 1632 1253 1673 adeò
1269 1635 1401 1674 oƈtavô
1417 1635 1511 1675 Divi-

575 1692 695 1729 nitatis
713 1690 923 1728 charaƈtere.

575 1755 633 1786 Sch.
654 1763 679 1783 1.
722 1752 856 1795 Equidem
877 1761 973 1785 contra
994 1754 1132 1787 modum,
1153 1753 1213 1797 quô
1234 1750 1349 1796 Religio
1362 1753 1509 1788 Chriſtiana

617 1802 648 1829 in
682 1801 780 1838 primis
814 1800 980 1830 incunabilis
1013 1807 1167 1837 propagata
1208 1798 1292 1832 fuit,
1333 1799 1422 1839 poſſer
1456 1798 1509 1840 quis

618 1849 731 1869 movere
760 1841 902 1882 dubium,
923 1839 1067 1882 dicendo,
1079 1848 1142 1871 eos,
1165 1839 1214 1880 qui
1238 1840 1263 1869 ei
1284 1840 1367 1870 fidem
1388 1839 1510 1871 adhibuc-

617 1885 689 1914 rint,
714 1883 793 1912 fuiſſe
830 1883 936 1913 tantùm
971 1882 1100 1913 homines
1119 1883 1260 1922 plebejos,
1288 1884 1387 1915 rudes,
1408 1883 1510 1914 illirera-

620 1930 680 1951 tos,
702 1926 767 1951 hinc
790 1925 916 1951 credulos
930 1925 982 1950 &c.
1014 1928 1113 1950 omnes
1132 1929 1224 1950 autem
1239 1918 1323 1959 paulò
1339 1919 1509 1952 emunƈtioris

619 1967 693 1994 naris
722 1973 783 1994 eam
809 1964 955 2003 rejeciſſe;
985 1973 1012 1995 at
1023 1959 1140 1995 nullum
1167 1966 1197 1995 id
1217 1965 1406 2004 præjudicium
1430 1972 1508 1993 creare

620 2007 711 2045 poteſt
748 2007 907 2038 certitudini
937 2006 1142 2047 Divinitatique
1161 2007 1267 2037 illius,
1307 2017 1373 2037 nam
1393 2007 1509 2039 innititur

619 2053 715 2093 Relig.
733 2051 888 2085 Chriſtiana
902 2052 1042 2093 præcipue
1056 2052 1137 2084 faƈtis
1162 2052 1230 2091 (ſch.
1248 2057 1315 2090 §.7.
1340 2058 1369 2083 &
1380 2052 1441 2084 ſch.
1453 2057 1507 2087 3.4.
