1757 2781
631 508 693 549 24

835 522 1050 537 HISTORIA
1074 510 1417 543 PANDECTARVM.

639 596 721 635 circ.
735 596 816 644 fin.,
833 596 979 641 ſcilicet,
987 611 1067 639 non
1082 600 1185 642 fuiſſe
1201 604 1284 644 illos
1301 604 1340 644 in
1359 615 1594 658 componen-

642 647 699 686 dis
718 647 911 699 pandeƈtis
925 649 1020 689 adeo
1036 650 1210 693 ſollicitos
1228 653 1274 694 de
1291 656 1400 696 nouis
1420 656 1594 698 conſtitu-

641 699 838 742 tionibus,
874 701 1053 750 quoniam
1078 703 1116 742 id
1141 717 1220 745 non
1250 705 1369 747 fuerat
1393 708 1436 748 iis
1460 709 1595 750 diſerte

641 750 885 796 mandatum,
909 752 1018 801 quod
1039 765 1162 796 tamen
1178 757 1310 798 intuitu
1325 760 1595 812 Inſtitutionum

641 807 849 853 imperator
874 804 1130 857 mandauerat,
1149 822 1186 847 v.
1208 810 1273 857 l.3.
1292 812 1340 862 §.
1358 827 1394 852 11.
1416 816 1453 853 C.
1467 814 1508 853 de
1521 821 1594 855 vet.

641 858 711 896 iur.
726 856 865 894 enucl.:
889 870 973 896 nam
988 859 1126 909 ſufficit,
1137 873 1179 901 vt
1192 862 1269 914 ipſe
1281 878 1523 909 DVARENVS
1544 867 1594 906 fa-

642 915 760 949 tetur,
788 904 893 953 quod
915 908 1123 961 imperator
1145 914 1455 965 compilatoribus
1482 921 1593 957 etiam

642 971 816 1001 veterum
826 960 1005 1003 ICrorum
1022 963 1124 1007 libris
1133 968 1171 1007 &
1180 967 1283 1009 diƈtis
1294 967 1432 1009 addere
1443 973 1593 1021 aliquid,

641 1012 703 1053 vel
729 1011 946 1058 detrahere,
970 1014 1174 1066 eademque
1198 1028 1342 1059 mutare
1367 1024 1593 1074 permiſerit,

642 1064 719 1106 vid.
738 1063 846 1116 ſupra
858 1068 888 1116 §.
897 1070 1014 1108 XVI.:
1037 1070 1076 1106 in
1095 1081 1208 1119 quem
1222 1084 1316 1113 vero
1327 1075 1440 1115 finem
1457 1077 1532 1116 hoc
1544 1078 1596 1115 fa-

642 1116 776 1157 ƈtum?
803 1126 904 1156 certe
919 1119 957 1155 in
974 1120 1115 1158 nullum
1131 1122 1254 1165 alium,
1265 1133 1380 1170 quam
1392 1138 1434 1165 vt
1452 1130 1593 1167 omiſſis

639 1167 851 1216 antiquatis,
863 1168 946 1207 talia
960 1171 1040 1208 iura
1055 1171 1255 1213 inſererent
1271 1179 1393 1225 operi,
1408 1188 1491 1224 quæ
1507 1192 1592 1217 æuo

639 1220 826 1264 Iuſtiniani
835 1224 1099 1265 conuenirent.

692 1282 720 1324 §.
743 1270 894 1311 XXVII.
940 1277 1161 1329 Pandeƈtas,
1186 1279 1443 1336 quadrigentos
1461 1297 1503 1325 ac
1523 1288 1592 1328 tri-

637 1322 749 1373 ginta
770 1331 846 1363 tres
867 1324 1010 1376 titulos,
1042 1328 1080 1366 &
1093 1331 1214 1369 nouies
1228 1330 1323 1370 mille
1341 1343 1384 1370 ac
1398 1342 1537 1375 centum
1554 1345 1591 1376 et

639 1379 802 1431 triginta
809 1379 898 1418 duas
907 1381 1001 1432 leges
1012 1383 1227 1435 compleƈti;
1252 1388 1384 1429 adſerit
1400 1402 1592 1431 LAVTER-

637 1441 834 1471 BACHIVS
866 1436 904 1470 in
926 1441 1034 1483 comp.
1050 1436 1120 1472 iur.
1137 1448 1176 1473 in
1186 1437 1329 1489 præfat.
1382 1441 1455 1481 Alii
1477 1453 1593 1487 vero,

639 1489 757 1529 prout
782 1482 826 1520 ad
854 1483 996 1524 diƈtum
1022 1493 1354 1529 LAVTERBACHII
1382 1494 1508 1532 locum
1528 1501 1589 1532 ad-

638 1534 785 1573 notauit
810 1534 883 1573 Dn.
901 1546 1147 1585 STRYKIVS,
1167 1539 1271 1579 oƈties
1286 1552 1381 1589 mille
1393 1568 1437 1582 ac
1448 1568 1590 1596 centum

639 1593 679 1624 et
691 1586 851 1636 triginta
866 1593 1021 1638 quatuor
1034 1589 1137 1642 leges
1152 1589 1272 1632 ſolum
1291 1607 1511 1646 numerant;
1532 1610 1590 1637 to-

639 1638 833 1689 ridemque
842 1638 1010 1692 agnoſcit
1020 1641 1139 1697 gloſſa.
1186 1648 1234 1686 Et
1249 1646 1309 1686 hæ
1324 1659 1463 1689 tantum
1480 1656 1591 1692 etiam

639 1692 680 1730 in
698 1691 788 1732 foro
806 1691 940 1733 habent
954 1693 1207 1738 auƈtoritatem
1226 1697 1326 1739 iuxta
1339 1702 1466 1742 tritum
1480 1708 1589 1745 illud:

639 1758 727 1798 quos
744 1753 871 1788 textus
889 1761 958 1788 non
973 1751 1130 1804 agnoſcit
1140 1751 1272 1807 gloſſa,
1286 1766 1342 1795 eos
1359 1768 1420 1796 nec
1433 1764 1590 1812 agnoſcit

627 1797 785 1849 forum:
825 1799 972 1841 Ceteræ
1007 1812 1104 1852 ergo
1135 1803 1237 1847 leges
1268 1818 1420 1849 manent
1447 1808 1590 1858 dubiæ,

637 1860 756 1900 quum
769 1850 913 1902 priuata
927 1852 1102 1894 induſiria
1116 1849 1287 1899 reſtitutæ
1296 1862 1365 1900 ſint
1375 1882 1398 1912 a
1412 1874 1592 1914 CONTIO

635 1909 674 1948 &
699 1919 907 1958 CVIACIO,
930 1910 1003 1950 vid.
1022 1910 1043 1951 l.
1062 1916 1082 1953 8.
1092 1908 1169 1966 ſqq.
1183 1909 1229 1971 ff.
1238 1915 1280 1959 de
1293 1911 1369 1959 bon.
1382 1919 1500 1959 damn.
1515 1919 1589 1960 l.10.

630 1960 705 2016 ſqq.
716 1963 762 2014 ff.
776 1964 818 2004 de
834 1967 1016 2010 interdiƈt.
1043 1969 1065 2011 &
1095 1967 1198 2021 releg.
1216 1971 1312 2012 infra
1325 1973 1374 2025 §.
1383 1976 1478 2018 LVI.
1532 1978 1591 2017 In-

634 2013 765 2058 terim,
789 2014 826 2052 in
842 2013 1056 2058 editionibus
1074 2015 1235 2068 vulgatis
1251 2020 1422 2071 diuerſis,
1443 2024 1484 2064 &
1505 2028 1592 2066 titu-

638 2065 764 2107 lorum
775 2067 812 2106 &
820 2066 947 2119 legum
958 2079 1128 2112 numerus
1134 2073 1268 2114 variat.
1321 2076 1377 2114 Ita
1391 2078 1429 2115 in
1436 2078 1591 2118 editione

630 2127 937 2162 GOTHOTREDI
961 2121 1085 2163 titulus
1097 2132 1162 2173 pro
1168 2123 1284 2174 ſoluto
1294 2126 1431 2171 coaluit
1446 2140 1534 2169 cum
1547 2133 1591 2171 ti-

633 2173 716 2213 tulo
729 2170 769 2212 de
787 2173 1072 2228 vſurpationibus
1086 2177 1131 2220 &
1138 2177 1427 2235 vſucapionibus;
1455 2183 1492 2225 &
1506 2185 1590 2226 titu-

634 2226 691 2269 lus
710 2223 751 2266 de
761 2226 970 2284 priuilegiis
983 2231 1200 2277 creditorum
1214 2244 1301 2276 cum
1313 2233 1421 2280 titulo
1434 2233 1476 2289 de
1484 2236 1589 2283 rebus

1471 2299 1599 2341 aucto-
