2027 2402
610 140 703 185 juxtæ
712 139 800 190 leges
808 150 940 181 naturæ.
993 146 1093 185 Filius
1101 147 1162 185 Dei
1168 151 1209 197 eſt
1216 149 1308 189 homo
1323 152 1416 198 verè,
1428 154 1487 202 ſed
1493 163 1554 192 non
1563 161 1671 200 merè;
1683 162 1783 209 pollet

619 193 797 231 eminentiis
797 196 891 241 ſupra
899 194 1111 234 conditionem
1128 199 1306 238 humanam
1322 205 1496 252 infinitis.
1510 212 1598 256 Ergo
1613 217 1711 248 Filius
1733 219 1796 249 Dei

618 253 682 279 non
691 243 732 289 eſt
748 244 902 291 objectum
921 245 1108 296 Phyſicum,
1128 252 1166 285 &
1184 251 1406 302 conſequenter
1422 268 1485 292 non
1507 263 1599 294 debet
1614 271 1797 307 examinari

614 297 713 342 juxta
720 298 804 344 leges
814 309 943 335 naturae.
994 302 1047 338 Ad
1058 304 1149 341 hunc
1158 303 1392 356 Syllogiſmum
1401 310 1620 360 reſpondent,
1631 321 1793 363 majorem

615 358 688 384 non
697 345 759 384 eſſe
768 346 956 399 ſimpliciter
965 362 1092 391 veram.
1102 354 1250 392 Limitari
1260 364 1329 394 ita:
1340 356 1549 409 Quicunque
1560 368 1603 400 eſt
1618 371 1726 401 homo
1736 368 1796 403 ve-

616 408 666 439 re,
676 394 730 432 ſed
744 409 812 433 non
822 410 934 441 mere;
949 403 1141 450 quicunque
1150 406 1341 443 eminentiis
1354 415 1449 456 ſupra
1477 419 1711 452 conditionem
1729 422 1797 453 hu-

619 460 755 489 manam
768 450 907 492 infinitis
918 454 1052 504 pollet,
1077 469 1149 494 non
1160 460 1204 496 eſt
1214 462 1386 510 objectum
1398 464 1570 514 Phyſicum
1581 472 1794 514 ordinarium,

617 508 732 538 tamen
742 509 1057 546 extraordinarium;
1072 521 1135 545 non
1142 511 1184 558 |in
1194 522 1325 556 totum,
1357 522 1522 565 quatenus
1538 518 1794 572 Θεάνϑϱωπος,

614 558 784 599 quatenus
794 550 939 604 infinitis
956 555 1064 604 gaudet
1080 568 1281 604 enunentiis,
1293 564 1347 599 ſed
1357 570 1388 599 in
1397 578 1539 608 tantum,
1549 571 1584 601 in
1605 580 1792 615 quantum

614 615 712 642 verus
723 605 855 644 homo;
861 615 962 655 atque
973 614 1008 645 in
1016 618 1151 647 tantum
1163 625 1231 649 non
1241 616 1367 653 recuſat
1385 621 1567 657 examinari
1586 624 1679 671 juxta
1696 624 1788 671 leges

610 660 760 694 naturæ,
776 651 841 689 ſive
852 658 941 703 juxta
951 654 1101 704 requiſita
1113 669 1238 696 naturæ
1249 663 1404 700 humanæ
1415 668 1602 705 eſſentialia.
1613 675 1790 709 Addunt

608 702 642 741 ſe
652 705 830 754 agnoſcere
840 709 911 746 duo
922 709 1042 755 hæc,
1014 704 1044 756 in
1052 712 1187 750 Chriſto
1194 710 1387 767 θεανϑϱώπω
1396 716 1618 770 eminentias,
1635 730 1669 758 &
1688 736 1791 761 natu-

609 764 683 793 ram
694 755 885 795 humanam.
935 759 1000 797 Sed
1011 761 1080 799 hæc
1093 757 1257 803 hoſtiliter
1267 778 1336 803 non
1348 761 1464 807 debere
1476 773 1562 808 inter
1583 778 1614 806 ſe
1628 782 1790 812 commit-

609 811 651 848 ti.
702 812 749 845 Ita
760 812 920 850 credenda
932 814 1049 852 veritas
1061 814 1215 854 humanæ
1226 828 1369 858 naturæ,
1380 827 1423 858 ne
1432 823 1618 868 deſtruatur
1629 830 1789 866 Eminen-

609 864 678 909 tia;
696 865 712 900 &
731 865 785 902 ita
785 865 988 906 defendenda
998 871 1206 917 Eminentia,
1230 885 1273 908 ne
1290 877 1335 911 vis
1353 873 1512 917 inferatur
1531 883 1664 919 veritati
1681 884 1716 919 &
1736 888 1789 920 in-

607 917 755 963 tegritati
780 919 911 954 humanæ
928 931 1062 957 naturæ.
1110 928 1147 963 In
1157 926 1231 963 filio
1238 929 1301 964 Dei
1311 924 1415 969 multa
1427 929 1520 973 eſſe,
1539 943 1613 979 quæ
1629 934 1789 984 ſuperant

609 972 749 1012 captum
762 965 916 1004 humanæ
927 969 1077 1016 rationis,
1088 972 1312 1012 nihilominus
1323 976 1356 1012 in
1368 979 1532 1025 quantum
1540 984 1687 1035 homo,
1699 988 1816 1021 velle

607 1017 792 1057 examinari
807 1021 898 1068 juxta
915 1030 1110 1060 communes
1125 1023 1215 1075 leges
1241 1028 1260 1065 &
1279 1025 1456 1071 eſſentialia
1484 1034 1639 1072 humanæ
1664 1041 1791 1073 naturæ

601 1071 777 1122 requiſita.

700 1125 732 1165 §.
753 1125 796 1173 48.
826 1125 885 1161 Hæc
898 1124 1000 1174 opinio
1012 1127 1221 1174 confirmatur
1229 1136 1338 1182 quinq;
1350 1128 1556 1182 rationibus,
1588 1144 1678 1177 inter
1702 1153 1785 1189 quas

597 1171 773 1223 palmaria
771 1172 822 1221 eſt
828 1176 983 1214 oraculum
992 1178 1243 1231 Apoſtolicum,
1262 1188 1395 1231 reliquæ
1413 1195 1558 1235 quatuor
1585 1193 1626 1226 ad
1646 1196 1786 1243 præſen-

598 1229 672 1264 tem
681 1228 914 1267 controverſiæ
925 1231 1043 1268 ſtatum
1055 1231 1196 1270 minimè
1203 1234 1387 1285 quadrant:
1412 1241 1577 1278 Probatur
1589 1255 1610 1279 1.
1626 1246 1679 1279 Ex
1694 1250 1784 1283 Scri-

594 1283 724 1319 ptum,
750 1285 816 1310 quæ
827 1276 860 1310 in
872 1273 1039 1315 aſſerenda
1048 1281 1257 1319 humanitate
1269 1283 1344 1322 Filii
1354 1288 1417 1323 Dei
1428 1288 1590 1337 provocat
1608 1298 1648 1324 ad
1659 1300 1783 1330 condi-

598 1328 712 1361 tiones
729 1318 915 1368 eſſentiales
937 1330 958 1369 &
975 1324 1228 1374 ſimilitudinem
1248 1333 1367 1374 noſtræ
1377 1336 1524 1380 naturæ,
1540 1344 1574 1375 in
1595 1352 1660 1387 qua
1678 1349 1779 1382 nobis

594 1386 657 1425 per
673 1384 790 1418 omnia
800 1384 898 1421 Filius
909 1388 971 1422 Dei
981 1383 1085 1424 factus
1096 1387 1142 1428 eſt
1153 1386 1285 1433 ſimilis,
1297 1392 1446 1440 excepto
1458 1402 1596 1445 peccato
1622 1399 1697 1434 Ebr.
1713 1404 1740 1436 I.
1750 1410 1779 1437 2.

597 1441 653 1476 14.
675 1433 780 1469 Sicuti
792 1438 874 1480 pueri
883 1437 1060 1486 participes
1075 1438 1150 1485 ſunt
1160 1444 1292 1482 carnis,
1315 1443 1335 1485 &
1353 1445 1540 1499 ſanguinis,
1564 1450 1608 1483 ita
1627 1454 1668 1486 &
1683 1455 1776 1498 ipſe

597 1493 730 1532 παϱαπ
734 1483 845 1528 λησίως
860 1485 991 1534 μετέχε
999 1487 1072 1527 τω̃ν
1072 1489 1196 1530 α΄υτω̃ν,
1219 1495 1417 1542 conſimiliter
1428 1501 1595 1548 particeps
1602 1501 1714 1550 factus
1735 1508 1776 1554 eſt

596 1540 802 1585 corundem,
817 1539 858 1566 ut
860 1540 931 1579 per
931 1541 1063 1582 mortem
1073 1534 1213 1574 aboleret
1219 1562 1318 1589 eum,
1326 1558 1424 1589 penes
1434 1560 1527 1591 quem
1543 1553 1583 1592 eſt
1595 1560 1703 1603 mortis
1720 1570 1777 1611 ro-

592 1582 677 1627 bur,
693 1582 725 1621 h.
734 1596 760 1620 e.
772 1584 978 1633 Diabolum,
1003 1592 1043 1627 &
1062 1591 1176 1628 liberos
1191 1594 1350 1636 redderet,
1377 1612 1535 1646 quotquot
1550 1615 1637 1636 metu
1658 1611 1771 1639 mortis

583 1643 648 1680 per
658 1647 779 1672 omnem
788 1645 885 1673 vitam
893 1637 1086 1677 damnantes
1093 1649 1190 1679 erant
1191 1641 1364 1692 ſervitutis.
1384 1654 1430 1683 Ex
1439 1654 1561 1697 quibus
1572 1661 1680 1688 verbis
1698 1663 1769 1688 ita

594 1685 787 1736 colligitur:
798 1686 1007 1738 Quicunque
1022 1693 1128 1731 homo
1140 1696 1238 1732 nobis
1249 1697 1292 1733 eſt
1300 1698 1492 1746 ὁμοȣσιος,
1504 1707 1565 1741 ſive
1575 1708 1769 1744 coëſſentia-

596 1737 657 1777 lis,
670 1743 696 1774 is
706 1750 873 1788 quatenus
883 1745 1013 1780 homo,
1028 1748 1208 1784 examinari
1217 1752 1326 1798 poteſt
1338 1756 1378 1792 &
1388 1753 1472 1803 debet
1496 1751 1586 1803 juxta
1609 1761 1766 1804 requiſita

595 1789 774 1829 eſſentialia
788 1795 905 1830 noſtræ
914 1803 1048 1835 naturæ.
1097 1800 1198 1838 Filius
1214 1803 1272 1839 Dei
1285 1803 1331 1842 eſt
1347 1804 1452 1842 homo
1464 1811 1560 1844 nobis
1573 1808 1766 1857 ὁμοȣσιος,

592 1841 660 1882 ſive
669 1843 893 1884 coëſſentialis.
907 1839 938 1888 E.
953 1847 1048 1887 Filius
1061 1849 1139 1897 Dei,
1156 1857 1319 1901 quatenus
1343 1856 1448 1897 homo,
1462 1865 1633 1911 examinari
1651 1871 1761 1910 poteſt

595 1893 622 1931 &
642 1890 740 1934 debet
750 1895 841 1943 juxta
850 1895 1003 1946 requiſita
1013 1896 1184 1941 eſſentialia
1203 1907 1321 1942 noſtræ
1339 1918 1468 1945 naturæ.

693 1947 728 1983 §.
737 1958 796 1990 49.
833 1945 909 1989 Jam
917 1947 1011 1993 quod
1024 1951 1139 1986 attinet
1146 1957 1403 2004 Diſſentientium
1411 1945 1672 2007 exceptiones,
1649 1970 1665 2013 &
1685 1968 1794 2009 qui-

1682 2034 1761 2072 dem
