1655 2357
163 402 380 433 P.I.C.II.S.I.
384 395 564 426 OFFICIA
584 391 703 417 ERGA
722 389 938 418 ANIMAM.

947 389 1000 433 99

169 482 232 523 ſed
265 479 381 519 etiam
412 474 657 516 materialiter
681 472 818 518 noxia,
865 470 897 516 §.
927 481 1007 512 202.

171 529 400 570 Exercendo
425 534 554 565 tamen
587 523 742 564 aſſuefac
768 514 1007 570 praeſagitio-

172 589 265 618 nem
279 580 393 616 etiam
406 583 522 619 tuam,
545 575 573 620 1)
591 569 774 624 pluribus,
799 569 839 618 2)
854 568 1006 609 maiori-

173 632 255 677 bus,
273 631 308 675 3)
323 627 453 671 rarius,
466 635 508 674 4)
517 623 723 671 obſcurius,
735 624 770 669 5)
786 618 934 669 longius
946 632 1009 659 an-

172 693 213 721 te
226 689 378 731 tempus
394 674 670 728 praeuidendis,
692 680 732 723 6)
747 672 929 714 fortiores
952 673 1008 710 in-

175 743 234 770 ter
248 731 526 780 heterogeneas
531 723 801 775 perceptiones,
809 725 864 770 7)
873 721 1009 760 clarius

173 793 304 823 tamen
318 778 612 833 praecipiendis,
640 780 693 817 M.
705 778 740 827 §.
756 782 838 822 615.
889 774 1011 823 Quod

174 842 217 869 vt
232 832 366 877 posſis,
390 829 470 869 eſto
498 825 680 865 dominus
703 835 742 861 et
759 822 874 861 huius
892 819 1009 861 facul-

175 885 264 925 tatis
277 896 350 926 pro
365 883 476 925 virili,
489 882 522 926 §.
537 891 621 918 200.

222 932 255 983 §.
290 931 482 973 CCXVII.
510 925 659 971 Noſce,
685 926 875 973 experire,
902 926 1011 960 meti-

175 993 220 1023 re
240 972 458 1021 facultatem
482 987 585 1017 tuam
603 970 850 1025 ſignatricem,
875 970 909 1025 §.
932 981 1014 1015 202,

177 1042 256 1072 tam
285 1028 520 1075 ſenſitiuam,
564 1035 678 1075 quam
707 1019 1014 1069 intellectualem,

178 1087 233 1127 M.
247 1078 284 1138 §.
294 1086 367 1129 619.
394 1087 558 1131 eamque
586 1085 801 1123 curaturus,
827 1070 1014 1119 diiudica,

178 1142 278 1183 quae
292 1140 520 1180 mereantur,
547 1129 584 1177 1)
596 1125 708 1178 ſigna,
744 1138 787 1166 vt
800 1125 890 1164 inde
898 1123 1015 1166 ſigna-

179 1196 218 1224 ta
238 1192 438 1229 eruantur,
470 1184 511 1227 2)
534 1175 727 1230 ſignanda,
752 1187 797 1217 vt
815 1173 901 1228 ipſis
916 1166 1016 1223 ſigna

179 1227 450 1285 imponantur,
479 1240 519 1270 et
538 1223 579 1269 in
598 1228 655 1267 his
667 1225 886 1267 exercendo
902 1223 1017 1263 aſſue-

182 1282 248 1323 fac
279 1279 491 1322 facultatem
527 1287 631 1319 tuam
662 1272 1018 1321 characteriſticam,

184 1334 222 1377 1)
239 1331 430 1383 pluribus,
449 1332 486 1377 2)
500 1323 708 1369 maioribus
721 1323 843 1375 ſignis,
860 1323 902 1372 3)
926 1333 1018 1361 cum

181 1380 377 1432 pluribus,
399 1381 442 1425 4)
461 1379 552 1417 cum
567 1372 776 1417 maioribus
803 1369 958 1422 ſignatis,
979 1374 1019 1417 5)

183 1431 367 1472 fortiores
385 1432 487 1469 inter
498 1420 787 1476 heterogeneas
802 1421 1018 1474 perceptio-

183 1492 263 1527 nes,
279 1485 319 1525 6)
336 1478 470 1518 clarius
486 1486 617 1516 tamen
632 1470 934 1523 coniungendis,
961 1473 1017 1512 M.

186 1544 221 1577 §.
260 1545 334 1577 622.

235 1585 270 1634 §.
285 1582 495 1625 CCXVIII.
510 1577 790 1620 Emendaturus
804 1577 1019 1613 facultatem

191 1641 294 1670 tuam
303 1626 550 1679 ſignatricem,
566 1627 679 1674 §.202.
692 1625 899 1663 noxiorum
908 1620 1021 1669 ſigna-

189 1691 320 1721 torum
330 1678 449 1729 ſignis,
458 1688 499 1715 et
508 1674 616 1726 ſignis
626 1675 803 1725 inanibus,
832 1685 899 1711 aut
906 1673 1023 1710 inuti-

188 1731 348 1775 liorum,
365 1723 662 1777 impedientibus
671 1722 936 1772 cognitionem
952 1721 1022 1759 vti-

189 1779 327 1820 liorem
342 1785 509 1816 exonera
525 1772 777 1821 memoriam,
799 1781 837 1808 et
851 1779 961 1813 caue,
974 1778 1024 1804 ne

191 1829 364 1880 cognitio
404 1840 468 1868 tua
504 1824 728 1876 ſymbolica,
771 1830 1025 1871 quaecunque

191 1874 347 1919 demum
356 1876 484 1922 fuerit,
492 1873 659 1914 debitam
670 1871 880 1914 intuituum
892 1869 1029 1918 requi-

587 1929 644 1968 G
644 1929 685 1968 2

934 1923 1025 1961 ſito-
