2181 2683
586 417 760 457 auaritia
792 419 1007 471 pecuniae,
1051 405 1324 472 honorisque
1341 414 1587 473 cupiditate,
1622 418 1901 473 alieniſſimus,

586 499 687 543 erga
725 486 883 534 amicos
916 488 1077 544 fidelis,
1120 489 1490 548 ſuperioribusque
1526 502 1689 547 parens,
1729 490 1901 547 accedit,

585 551 678 605 has,
724 553 925 605 inquam,
970 551 1143 596 virtutes
1175 566 1338 609 omnes,
1371 565 1427 596 ne
1460 552 1599 598 infeſti
1634 556 1811 611 quidem
1846 556 1906 602 illi

582 622 779 665 homines
824 618 1039 678 derogant.
1084 621 1190 674 Nos,
1219 623 1308 678 qui,
1336 620 1521 680 effigiem
1551 622 1824 681 LVTHERI,
1850 623 1904 668 ab

582 686 785 730 omnibus
802 684 1025 743 ſpeƈtatam
1040 686 1239 745 partibus,
1265 688 1467 744 piƈturos,
1485 687 1662 747 polliciti
1679 690 1833 746 ſumus,
1859 702 1906 734 vt

582 754 646 797 his
663 753 866 811 promiſſis
882 756 1048 808 ſtemus,
1065 766 1172 809 quae
1188 755 1233 797 in
1251 767 1301 799 eo
1318 769 1407 799 non
1423 756 1501 800 ſint
1517 754 1747 812 probanda,
1761 758 1907 803 afferre

581 824 794 869 volumus.
837 827 961 874 Nihil
975 828 1125 870 maiori
1139 827 1231 869 iure
1244 828 1467 871 aduerſarii
1482 830 1527 871 in
1542 827 1648 882 viro,
1668 837 1799 882 quem
1816 840 1906 881 nos,

578 888 654 929 niſi
671 888 822 940 pietate
838 887 1059 938 commoti,
1084 888 1305 929 nominare
1322 900 1410 929 non
1427 887 1656 942 poſſumus,
1684 887 1907 944 reprehen-

581 956 704 1005 dunt,
733 965 861 1008 quam
878 956 1013 998 animi
1036 953 1264 1010 feruorem,
1289 957 1396 999 vltra
1413 957 1539 999 iuſtos
1562 957 1906 1012 progredientem

578 1018 805 1073 terminos,
844 1029 974 1075 quem
1005 1030 1047 1063 et
1075 1020 1197 1065 amici
1223 1020 1311 1066 eius
1336 1020 1592 1066 ſinceriſſimi
1617 1024 1735 1075 ſaepe
1760 1035 1906 1075 expro-

578 1086 768 1130 brarunt.
843 1087 925 1131 Cui
949 1087 1133 1141 deditus,
1177 1084 1471 1143 ignominioſis
1497 1087 1634 1133 affecit
1660 1089 1798 1133 verbis
1821 1103 1905 1145 eos,

578 1154 655 1209 qui
677 1153 918 1198 doƈtrinam
941 1153 1058 1196 ſuam
1083 1157 1326 1210 opprimere
1352 1154 1592 1210 cupiebant.
1659 1156 1727 1199 Sic
1749 1156 1904 1214 Papam

579 1230 835 1272 tyrannum,
856 1221 1136 1273 haereticum,
1163 1221 1405 1274 apoſtatam,
1432 1220 1755 1274 Antichriſtum,
1781 1236 1821 1266 et
1844 1225 1906 1267 ſu-

566 1286 764 1344 perbum
784 1287 954 1332 concilii
976 1296 1299 1342 contemtorem,
1317 1300 1470 1330 vocare
1486 1291 1605 1333 aufus
1621 1290 1691 1343 eſt,
1709 1301 1815 1344 quae
1833 1304 1906 1335 no-

581 1351 698 1398 mina
717 1351 857 1410 legere
874 1351 1090 1411 poſſumus
1107 1354 1152 1398 in
1169 1352 1486 1414 prouocatione,
1505 1354 1572 1399 die
1590 1369 1649 1412 17.
1668 1356 1784 1402 Nov.
1796 1369 1902 1413 1520.

577 1421 916 1477 Wittembergae
937 1425 982 1463 in
1003 1421 1254 1466 monaſterio
1272 1420 1681 1479 Auguſtinianorum
1707 1424 1827 1478 faƈta,
1859 1428 1905 1468 in

580 1499 665 1545 qua
677 1486 846 1543 repetiit
870 1488 1196 1546 appellationem
1220 1491 1287 1535 die
1309 1499 1371 1541 28.
1395 1491 1513 1535 Nov.
1542 1498 1649 1544 1518.
1675 1504 1698 1531 a
1719 1490 1825 1548 Papa
1850 1494 1904 1537 ad

578 1552 821 1598 Concilium
838 1552 1139 1611 interpoſitam.
1173 1556 1274 1600 Nec
1292 1554 1503 1600 mitiorem
1522 1553 1562 1598 fe
1580 1555 1697 1611 geſſit
1708 1556 1902 1602 aduerſus

579 1621 819 1666 Henricum
827 1619 951 1679 VIII.,
960 1620 1142 1678 Angliae
1150 1618 1331 1679 Regem,
1342 1619 1594 1679 Georgium,
1605 1619 1767 1667 Ducem
1779 1625 1904 1670 Saxo-

579 1687 686 1741 niae,
701 1688 941 1744 Albertum,
959 1687 1225 1732 Cardinalem
1242 1686 1682 1745 Brandenburgicum,
1702 1699 1743 1730 et
1756 1691 1903 1737 Archi-

579 1749 826 1805 epiſcopum
835 1752 1149 1805 Moguntinum
1163 1762 1206 1793 et
1213 1750 1642 1809 Magdeburgenſem.
1673 1745 1754 1795 Cui
1771 1754 1904 1800 animi

579 1820 793 1866 acerbitati
803 1832 845 1864 et
853 1821 1092 1867 iracundiae
1100 1821 1337 1880 indulgens,
1347 1824 1418 1868 ille
1426 1826 1477 1868 ad
1487 1825 1669 1870 aƈtiones
1679 1822 1718 1867 ſe
1727 1823 1901 1881 applica-

582 1890 659 1943 uit,
675 1902 783 1945 quae
808 1890 1004 1946 quamuis
1024 1891 1075 1935 ad
1094 1892 1312 1938 conſilium
1326 1893 1450 1937 ſuum
1471 1893 1598 1937 eſſent
1613 1895 1901 1941 accommoda-

583 1966 659 2007 tae,
668 1967 820 2007 tamen,
831 1959 880 1998 iis
892 1955 1116 2012 patrandis,
1127 1956 1274 2000 odium
1287 1957 1531 2009 hominum,
1544 1956 1622 2011 ipſi
1639 1953 1900 2010 infeſtorum,

581 2023 709 2073 auxit,
734 2025 780 2064 in
803 2027 960 2077 quibus
984 2022 1321 2069 combuſtionem
1338 2016 1547 2080 Corporis
1570 2021 1651 2069 Iur.
1678 2023 1840 2070 Canon.
1858 2037 1900 2069 et

582 2092 724 2139 Bullae
731 2091 895 2138 Leonis
907 2093 960 2145 X.
967 2092 1274 2137 numerandam
1290 2092 1446 2136 iudico.
1477 2092 1639 2140 Minuit
1655 2107 1757 2138 vero
1773 2094 1898 2138 huius

580 2157 688 2215 vitii,
704 2169 794 2202 non
809 2171 862 2201 ex
876 2161 1036 2215 animo,
1049 2156 1118 2202 ſed
1135 2158 1322 2217 ingenio,
1340 2158 1436 2213 orti,
1449 2160 1800 2218 magnitudinem,
1814 2163 1900 2219 ipſa
