2326 2871
827 585 878 622 44

1237 573 1279 607 D.
1292 568 1448 616 Johannis
1458 568 1605 619 Henichii

597 1062 769 1105 Homicidii

599 1111 778 1149 enormitas.

604 2059 762 2107 Quatuor
762 2049 821 2100 fo-

602 2127 636 2149 ra
652 2103 820 2146 homicidæ.

600 2229 629 2258 1.
631 2211 819 2259 ForumRei-

602 2279 743 2330 publicæ.

594 2370 653 2411 An
673 2367 820 2417 Princeps

593 2423 685 2472 poſſit
708 2421 818 2458 remit-

600 2485 671 2528 tere
689 2485 816 2525 pœnam

973 672 1053 740 D.
1083 670 1465 753 JOHANNIS
1509 670 1898 738 HENICHII

824 774 1324 866 CONSILIVM
1345 776 2037 860 THEOLOGICVM

1124 892 1481 933 HOMICIDÆ
1508 894 1769 933 DATVM.

827 1009 1004 1227 N

1019 1030 1141 1071 Ullum
1151 1029 1304 1072 dubium
1317 1021 1377 1083 eſt,
1396 1029 1467 1082 quin
1480 1040 1632 1069 enorme
1639 1031 1784 1081 prorſus
1794 1032 1837 1074 ſit
1845 1029 2035 1080 delictum,

1019 1079 1118 1129 quod
1127 1091 1311 1134 perpetrat
1320 1083 1518 1126 homicida.
1568 1084 1687 1123 Primo
1698 1086 1798 1123 enim
1808 1086 1837 1122 is
1847 1084 2036 1126 violatDei

1018 1126 1216 1180 imaginem
1232 1143 1274 1168 ac
1289 1130 1447 1181 proinde
1455 1144 1535 1171 non
1547 1130 1735 1172 immerito
1745 1146 1765 1171 a
1772 1134 1925 1173 Philone
1933 1134 2037 1172 ſacri-

1014 1183 1120 1233 legus
1129 1198 1293 1229 vocatur.
1348 1185 1494 1225 Deinde
1507 1191 1716 1221 atrociſſime
1730 1186 1829 1227 idem
1851 1182 1967 1230 peccat
1990 1185 2035 1223 in

829 1237 1057 1279 ſocietatem,
1074 1237 1119 1273 ad
1137 1245 1247 1284 quam
1266 1232 1383 1284 geniti
1401 1237 1486 1273 ſunt
1514 1232 1705 1277 homines,
1733 1245 1813 1285 quæ
1842 1237 2034 1277 conſiſtere

833 1282 1053 1337 neutiquam
1061 1286 1199 1336 poteſt,
1210 1285 1278 1324 niſi
1287 1284 1546 1326 innocentium
1553 1286 1629 1326 vita
1637 1287 1681 1327 ſit
1691 1288 1729 1326 in
1739 1297 1833 1327 tuto.
1877 1286 2033 1339 Optime

835 1334 1071 1379 Florentinus
1091 1336 1131 1377 in
1156 1338 1200 1374 L.
1230 1349 1262 1382 3.
1276 1337 1318 1386 ff.
1336 1335 1383 1375 de
1402 1339 1430 1387 J.
1444 1342 1476 1377 &
1492 1340 1521 1388 J.
1548 1349 1618 1373 cum
1638 1341 1853 1387 cognationem
1868 1339 2035 1387 quandam

836 1392 954 1418 natura
970 1385 1051 1421 inter
1065 1387 1207 1421 homines
1232 1391 1421 1433 inſtituerit,
1449 1388 1636 1434 conſequens
1653 1390 1717 1428 est,
1744 1387 1901 1423 hominem
1914 1390 2036 1424 homini

837 1434 978 1481 inſidiari
989 1438 1076 1484 nefas
1094 1439 1159 1485 eſſe.
1198 1437 1299 1475 Hinc
1315 1437 1503 1477 homicida
1519 1437 1752 1477 voluntarius
1766 1430 1808 1477 in
1829 1441 1914 1481 Vet.
1934 1442 2036 1481 Teſt.

823 1490 1018 1530 obnoxius
1029 1502 1102 1531 erat
1112 1504 1225 1543 pœnæ
1235 1491 1392 1543 capitali,
1403 1492 1507 1538 adeo,
1518 1503 1558 1532 ut
1569 1491 1613 1533 ab
1623 1493 1700 1547 ipſo
1710 1493 1863 1534 Domini
1874 1495 1976 1533 altari
1985 1497 2034 1536 ad

834 1538 1054 1593 ſupplicium
1072 1542 1149 1593 rapi
1176 1540 1371 1593 juberetur.
1399 1539 1490 1582 Exod.
1507 1548 1597 1583 XXI.
1628 1557 1646 1582 v
1664 1557 1708 1580 12.
1728 1555 1768 1589 14.
1795 1546 1812 1583 &
1821 1546 1922 1583 Levit.
1931 1549 2033 1584 XXX.

833 1606 868 1630 v.
879 1605 923 1636 17.
933 1606 976 1629 21.
991 1603 1112 1647 neque
1130 1597 1208 1634 ullo
1219 1595 1338 1648 pretio
1349 1595 1480 1636 redimi
1490 1596 1619 1650 poſſet.
1671 1600 1787 1638 Terra
1797 1595 1897 1638 enim
1906 1609 1972 1649 per
1981 1596 2036 1639 ef-

831 1640 955 1680 fuſum
969 1638 1183 1693 ſanguinem
1195 1645 1444 1681 contaminata
1454 1644 1589 1693 expiari
1598 1653 1676 1680 non
1687 1649 1849 1694 poterat,
1866 1643 1935 1683 niſi
1953 1644 2035 1684 ſan-

833 1692 948 1744 guine
962 1692 1057 1746 ejus,
1076 1698 1142 1750 qui
1160 1698 1341 1738 effuderat
1356 1699 1481 1743 illum,
1507 1707 1551 1738 ut
1574 1696 1682 1739 datur
1697 1699 1858 1750 intelligi
1876 1711 1920 1738 ex
1932 1707 2033 1741 Num.

832 1757 966 1790 XXXV.
976 1754 1010 1788 v.
1013 1763 1064 1798 33.
1095 1757 1107 1791 &
1124 1752 1229 1804 priſci
1239 1752 1434 1794 Chriſtiani,
1464 1763 1508 1792 ut
1522 1750 1775 1796 oſtenderent,
1801 1759 2033 1805 quantopere

832 1797 1032 1840 homicidia
1049 1800 1332 1844 deteſtarentur,
1343 1801 1409 1839 diu
1426 1795 1663 1843 obſervarunt
1675 1801 1776 1840 illam
1792 1801 1934 1852 legem,
1952 1811 2034 1853 quæ

819 1847 936 1899 jubet
945 1851 1120 1897 abſtinere
1128 1865 1150 1896 a
1158 1853 1336 1894 ſuffocato
1355 1857 1373 1893 &
1391 1852 1579 1906 ſangnine.
1634 1854 1737 1895 Hinc
1747 1852 1928 1896 Octavius
1936 1849 2038 1905 apud

811 1896 1041 1938 Minutium
1050 1905 1229 1939 Felicem:
1245 1914 1373 1941 tantum
1390 1907 1428 1936 ab
1428 1907 1577 1938 humano
1590 1906 1748 1946 ſanguine
1761 1912 1927 1944 cavemus,
1936 1912 1974 1936 ut
1980 1911 2035 1935 nec

831 1948 972 1988 edulium
981 1961 1128 2000 pecorum
1147 1960 1182 1987 in
1192 1958 1265 1989 cibis
1272 1957 1461 2002 ſanguinem
1470 1956 1659 1989 noverimus.
1710 1958 1760 1993 Et
1775 1954 2034 1995 Tertullianus

823 1990 961 2044 Apolog.
973 2004 1083 2052 Quale
1091 2011 1149 2043 est,
1158 2014 1195 2034 ut
1201 2020 1281 2048 quos
1279 2010 1467 2048 ſanguinem
1468 2005 1590 2049 pecoris
1598 2003 1722 2037 horrere
1732 2001 1893 2055 confiditis,
1911 2003 2034 2056 humano

834 2052 958 2091 inhiare
966 2057 1105 2095 credatis.
1159 2058 1316 2096 Sortitur
1330 2065 1454 2094 autem
1463 2052 1651 2102 homicida
1660 2064 1821 2108 quatuor
1834 2052 1933 2100 fora,
1950 2055 2034 2109 qui-

834 2105 904 2147 bus
918 2104 1120 2152 ſatisfacere
1131 2121 1289 2151 tenetur,
1300 2113 1482 2152 divinum,
1493 2108 1790 2150 eccleſiaſticum,
1802 2106 1909 2148 civile
1926 2114 1942 2150 &
1958 2112 2035 2163 pri-

834 2161 966 2212 vatum,
981 2173 1036 2203 nec
1052 2162 1299 2204 ſatisfactione
1309 2161 1372 2202 uni
1381 2162 1534 2214 præſtita
1542 2161 1753 2216 præjudicat
1761 2161 1853 2207 aliis,
1870 2161 1941 2216 quin
1956 2166 2033 2219 ipſa

833 2221 987 2272 quoque
995 2210 1078 2260 jure
1093 2228 1239 2265 pœnam
1253 2216 1320 2257 ſibi
1337 2216 1499 2257 debitam
1513 2216 1674 2268 exigant.
1725 2214 1971 2268 Reipublicæ,
1988 2230 2033 2260 ut

831 2260 1026 2311 ſatisfaciat
1042 2267 1227 2308 homicida,
1258 2266 1407 2314 ſuffcit,
1418 2267 1448 2308 ſi
1457 2271 1573 2320 pœnæ
1580 2268 1647 2308 ſibi
1665 2266 1807 2307 dictatæ
1815 2265 1851 2308 ſe
1860 2277 2034 2323 prompte

830 2314 1017 2370 ſubjiciat,
1026 2328 1095 2355 nec
1102 2330 1197 2368 opus
1208 2321 1269 2365 eſt,
1279 2319 1308 2358 ſi
1317 2321 1546 2373 magiſtratus
1557 2319 1695 2360 indicet
1711 2331 1857 2370 pœnam,
1887 2330 1930 2360 ut
1945 2334 2032 2362 reus

830 2366 964 2417 ſtricto
966 2364 1051 2418 jure
1060 2367 1182 2407 ſecum
1195 2369 1254 2420 agi
1262 2371 1432 2426 poſtulet.
1466 2369 1652 2422 Diſputari
1667 2378 1792 2409 autem
1802 2369 1905 2418 ſolet,
1926 2382 2036 2412 utrum

829 2418 1081 2479 magiſtratus,
1093 2419 1190 2473 qui
1169 2415 1222 2479 jus
1231 2421 1429 2478 mitigandi
1437 2435 1586 2478 pœnam
1592 2421 1715 2471 habet,
1724 2423 1951 2468 homicidam
1967 2441 2034 2467 vo-

1913 2481 2037 2524 Iunta-
