1350 1963
466 326 536 356 232

667 321 710 360 C.
710 321 889 360 PLINII
889 321 995 360 LIB.
995 321 1069 360 IV.

418 587 439 620 6

409 808 430 835 7

463 385 650 422 Meſſallino,
661 389 727 426 qui,
740 389 903 421 luminibus
913 393 1048 428 orbatus,
1060 395 1180 436 ingenio
1190 398 1253 428 ſae-

463 435 505 455 uo
519 429 597 458 mala
613 431 765 461 coecitatis
781 432 939 465 addiderat.
996 438 1068 468 Non
1083 440 1246 471 verebatur,

461 477 521 496 non
537 469 745 505 erubeſcebat,
771 483 833 503 non
847 475 1050 508 miſerebatur.
1093 481 1215 520 Saepius
1231 487 1246 506 a

460 508 635 541 Domitiano
650 521 710 541 non
726 512 809 543 ſecus
820 524 852 542 ac
869 516 946 549 tela,
964 525 1040 554 quae
1054 519 1070 548 &
1086 519 1147 559 ipſa
1155 525 1245 552 coeca

460 549 488 577 &
501 548 670 584 improuida
691 551 842 585 feruntur,
865 554 897 582 in
921 556 1071 596 optimum
1092 563 1244 597 quemque

458 590 722 631 contorquebatur.
742 593 791 623 De
806 594 869 623 eius
885 595 1019 635 nequitia
1038 597 1244 638 ſanguinariis-

457 637 517 665 que
532 629 686 664 ſententiis
698 632 728 663 in
743 642 907 666 commune
914 646 1018 667 onmnes
1024 638 1106 677 ſuper
1118 646 1244 673 coenam

456 670 673 713 Ioquebantur:
690 684 755 707 tum
771 676 833 717 ipſe
850 678 1027 721 imperator,
1049 684 1157 721 QVID
1179 690 1240 718 PV-

453 719 601 752 TAMVS
634 722 848 756 PASSVRVM
882 726 1034 763 FVISSE,
1071 731 1103 761 SI
1128 729 1240 770 VIVE-

451 762 557 793 RET?
578 764 608 793 &
630 762 801 801 Mauricus,
834 768 1051 802 NOBISCVM
1084 773 1238 805 COENA-

449 800 542 832 RET.
562 799 695 840 Longius
705 798 773 845 abii,
789 805 884 842 libens
894 815 1005 839 tamen.
1016 808 1136 843 Placuit
1144 815 1238 849 agona

451 837 529 870 tolli,
540 839 594 874 qui
602 847 700 870 mores
709 839 925 873 Viennenſium
933 842 1095 878 infecerat,
1106 854 1135 881 vt
1144 845 1238 879 noſter

447 879 496 908 hic
505 880 649 912 omnium.
679 882 758 915 Nam
769 883 984 919 Viennenſium
995 887 1065 918 vitia
1074 889 1148 919 intra
1157 888 1235 928 ipſos

445 919 587 958 reſident,
597 923 692 955 noſtra
700 925 761 957 late
771 932 922 966 vagantur.
966 932 1072 969 Vtque
1082 932 1116 961 in
1129 941 1239 972 corpo-

444 958 526 987 ribus,
551 960 589 990 ſic
598 961 627 988 in
636 962 781 1000 imperio,
790 962 973 1005 grauiſſimus
980 966 1024 998 eſt
1032 968 1165 1005 morbus,
1181 966 1234 1008 qui

444 1012 461 1032 a
468 1004 565 1044 capite
573 1006 766 1041 diffunditur.
802 1012 889 1044 Vale.

771 1058 904 1086 XXIII.

444 1099 476 1121 C.
498 1097 657 1124 PLINIVS
683 1095 914 1132 POMPONIO
935 1102 1058 1130 BASSO
1074 1091 1178 1132 SVO
1178 1073 1226 1133 S.

459 1133 572 1158 Laudat
585 1136 753 1166 Pomponium,
776 1138 900 1169 ſapienter
918 1142 966 1168 otio
977 1144 1006 1165 in
1007 1141 1128 1176 ſenectute
1142 1144 1227 1178 vſum:

434 1164 522 1198 ſibique
531 1170 629 1200 ſimilem
643 1171 766 1202 aliquando
780 1176 880 1204 quietem
891 1180 970 1207 optat.

439 1211 519 1276 M

519 1211 633 1251 Agnam
649 1212 718 1252 cepi
725 1214 932 1257 voluptatem,
942 1226 1036 1257 quum
1044 1229 1081 1252 ex
1091 1229 1228 1253 commu-

536 1252 623 1281 nibus
634 1252 736 1277 amicis
750 1255 897 1291 cognoui,
915 1260 966 1290 te,
979 1261 1012 1283 vt
1022 1256 1165 1296 ſapientia
1174 1262 1228 1286 tua

472 1374 497 1398 6.
514 1371 634 1405 Nobiſcum
646 1377 767 1405 coenaret)
788 1378 854 1403 Haec
866 1379 908 1404 illa
920 1379 1019 1406 libertas
1035 1379 1153 1411 Maurici,
1174 1386 1226 1416 qua

436 1403 534 1430 Neruae
551 1405 735 1434 familiaritatem
752 1415 806 1434 cum
821 1410 961 1439 Veientone
981 1413 1064 1441 feſtiue
1090 1415 1222 1447 caſtigauit.

437 1440 544 1463 Veiento
559 1441 624 1465 enim
645 1447 656 1466 &
672 1444 820 1470 Meſſallinus
833 1446 944 1472 eiusdem
963 1449 1016 1472 fere
1035 1446 1128 1481 ingenii
1145 1453 1221 1477 erant.

436 1470 510 1501 Quod
526 1479 596 1498 etiam
612 1474 731 1501 Iunenalis
746 1482 794 1502 Sat.
806 1478 849 1505 IV.
864 1487 888 1506 v.
896 1486 933 1511 113.
944 1480 1065 1507 oſtendit:

539 1503 571 1526 Et
585 1512 635 1529 cum
652 1506 771 1536 mortifero
784 1511 885 1539 prudens
902 1509 992 1537 Veiento
1008 1510 1108 1539 Catullo.

432 1532 554 1562 Prudens,
574 1537 589 1558 i.
604 1542 625 1559 e.
639 1537 747 1567 callidus,
760 1543 837 1565 aſtute
849 1543 953 1566 ſeruiens
972 1545 1136 1575 temporibus.

464 1579 489 1605 7.
507 1578 534 1596 vt
549 1572 620 1603 noſter
636 1575 685 1601 hic)
703 1581 765 1603 agon
786 1575 922 1607 gymnicus.

465 1602 543 1630 noſtra
561 1603 607 1626 late
623 1607 759 1636 vagantur)
778 1611 837 1640 quia
856 1610 886 1634 ab
906 1611 960 1636 aula
978 1610 1004 1640 &
1021 1613 1155 1648 metropoli
1174 1621 1215 1640 ex-

430 1637 536 1670 emplum
552 1644 638 1671 perunt
651 1641 710 1666 aliae
723 1642 851 1672 ciuitates,
876 1645 943 1679 quod
956 1644 1089 1677 imitentur.
1129 1651 1214 1682 Atque

429 1668 459 1693 ſic
473 1676 566 1699 aeque,
581 1668 619 1696 vel
633 1672 708 1704 magis
721 1673 810 1702 etiam,
830 1678 890 1702 vitia
904 1683 980 1708 quam
998 1679 1102 1708 virtures
1121 1683 1212 1710 diffun-

430 1709 527 1729 duntur.

1081 1746 1212 1789 dignum
