2642 2971
1023 675 1288 733 acceptationem
1304 682 1450 717 vocant.
1481 669 1541 714 Cf.
1563 676 1727 710 DARIES
1759 662 1781 700 l.c.
1838 658 1863 712 §.
1874 667 1969 710 415.
2007 655 2081 699 Sed
2096 649 2300 697 concedam
2315 651 2353 691 A

1025 740 1187 792 voluiſſe,
1202 751 1245 780 vt
1251 737 1293 778 B
1293 737 1346 777 ius
1353 729 1562 787 perfectum
1569 728 1712 780 habeat,
1721 736 1757 766 et
1778 723 1790 764 B
1804 724 1912 767 etiam
1924 719 2000 760 hoc
2015 719 2072 759 ius
2078 715 2119 756 in
2132 728 2173 751 το
2188 713 2293 754 ſuum
2303 720 2357 749 re-

1026 797 1172 853 cepiſſe,
1189 807 1313 838 tamen
1329 793 1488 833 omnino
1511 800 1591 828 non
1611 782 1817 825 concedere
1831 776 1990 832 poſſum,
2007 788 2055 815 ex
2068 771 2180 827 pacto
2197 770 2289 812 oriri
2304 767 2360 808 ius

1027 855 1201 912 cogendi.
1229 855 1326 897 Rem
1335 851 1381 891 ita
1390 847 1521 899 accipe.
1553 842 1743 897 Quicquid
1755 853 1824 890 per
1830 836 1981 890 pactum
1987 832 2229 889 promittitur,
2237 829 2299 871 vel
2307 827 2358 868 eſt

1032 916 1103 957 tale
1119 911 1166 952 ad
1182 907 1287 963 quod
1303 908 1384 961 quis
1402 906 1475 947 iam
1492 899 1721 956 (imperfecte
1737 898 1869 939 ſcilicet
1893 892 2024 935 volunt
2043 887 2251 940 Doctores)
2274 884 2364 925 obli-

1036 980 1143 1023 gatus
1157 967 1229 1018 eſt,
1256 975 1298 1009 vt
1313 962 1415 1007 alteri
1428 956 1604 1016 praeſtet,
1634 955 1696 996 vel
1713 965 1812 1004 non;
1840 949 1915 990 hoc
1935 946 2157 1000 impoſſibile
2170 942 2220 986 eſt
2234 940 2292 999 (§.
2307 940 2367 992 X.)

1032 1035 1066 1078 ſi
1080 1028 1188 1082 illud,
1203 1039 1250 1066 ne
1265 1025 1370 1077 prius
1386 1022 1432 1065 ad
1450 1017 1702 1075 expletionem
1717 1013 1811 1056 illius
1826 1008 2009 1063 obligatus
2024 1004 2088 1056 eſt,
2108 1014 2220 1054 quam
2227 1013 2313 1039 cum
2323 1000 2368 1038 al-

1037 1102 1098 1134 ter
1113 1089 1190 1129 hoc
1205 1082 1378 1139 indigeat.
1421 1078 1537 1123 Recte
1555 1077 1656 1120 enim
1674 1071 1797 1114 omnis
1813 1067 1912 1125 pacti
1928 1065 2211 1109 fundamentum
2225 1068 2373 1112 ponunt

1041 1152 1232 1197 Doctores
1246 1148 1286 1186 in
1303 1144 1426 1186 auxilii
1440 1136 1691 1195 praeſtatione.
1721 1132 1833 1177 Conf.
1860 1139 2025 1173 DARIES
2052 1125 2075 1167 I.
2089 1137 2119 1165 c.
2137 1122 2170 1177 §.
2185 1132 2260 1172 393
2273 1117 2372 1170 ſeqq.

1043 1213 1135 1255 Hoc
1150 1206 1323 1251 auxilium
1340 1201 1524 1258 poſtulare
1540 1197 1687 1253 poſſum
1706 1210 1748 1237 ac
1767 1193 1887 1234 debeo
1902 1191 1961 1231 vel
1977 1200 2094 1234 nunc,
2109 1184 2195 1235 quia
2203 1181 2265 1223 illo
2277 1191 2378 1220 nunc

1044 1269 1218 1321 indigeo,
1243 1264 1305 1303 vel
1316 1274 1404 1304 non.
1461 1260 1500 1299 Si
1512 1258 1616 1315 prius
1631 1258 1711 1294 non
1727 1263 1823 1304 opus
1842 1248 1893 1288 eſt
1906 1244 2036 1301 pacto,
2053 1243 2137 1298 quia
2154 1242 2227 1281 iam
2242 1240 2298 1278 ius
2315 1249 2378 1276 co-

1049 1324 1164 1375 gendi
1178 1322 1301 1359 habeo
1320 1319 1371 1359 ob
1387 1318 1515 1355 ſtatum
1534 1306 1766 1358 neceſſitatis,
1780 1306 1809 1344 ſi
1822 1301 2027 1354 poſterius,
2044 1301 2178 1336 iterum
2196 1306 2274 1330 non
2282 1299 2380 1341 opus

1048 1376 1103 1418 eſt
1117 1372 1249 1429 pacto,
1279 1371 1365 1419 quia
1379 1364 1553 1407 nondum
1565 1374 1662 1414 opus
1688 1361 1740 1400 eſt
1759 1360 1840 1398 iure
1863 1352 2036 1408 cogendi.
2090 1341 2215 1392 Porro
2242 1343 2381 1398 neſcio,

1050 1433 1120 1485 qui
1134 1428 1217 1472 fieri
1232 1418 1361 1483 poſſit,
1391 1434 1432 1470 vt
1443 1419 1666 1477 promittens
1681 1411 1914 1470 promiſſario
1931 1412 1985 1452 ius
2001 1408 2093 1451 mala
2110 1405 2175 1448 ſibi
2198 1403 2382 1448 inferendi

1053 1489 1261 1540 concedere
1277 1486 1415 1544 poſſit,
1431 1496 1519 1528 cum
1543 1481 1617 1537 ipſe
1642 1477 1730 1523 illud
1752 1490 1833 1519 non
1863 1471 2003 1516 habeat.
2058 1470 2136 1510 Iam
2162 1480 2183 1507 a
2210 1476 2267 1506 10.
2294 1472 2382 1502 10A.

1052 1562 1230 1595 L ANGIO
1247 1546 1450 1595 incidenter
1463 1545 1537 1586 hoc
1550 1541 1771 1586 affirmatum
1786 1535 1856 1579 eſſe
1871 1533 2018 1577 videtur
2025 1533 2064 1572 in
2074 1527 2317 1570 diſſertatione
2328 1523 2381 1563 ſu-

1054 1622 1125 1666 pra
1150 1624 1172 1651 a
1193 1622 1256 1650 me
1283 1606 1425 1649 laudata
1440 1606 1470 1656 §.
1491 1615 1562 1652 19.
1580 1603 1659 1644 Vbi
1681 1599 1750 1639 ſcil.
1775 1594 1826 1635 ad
1838 1599 1987 1645 poenam
2002 1590 2128 1641 capitis
2143 1582 2319 1627 hominem
2326 1594 2388 1621 ne-

1055 1671 1247 1723 quicquam
1250 1665 1291 1715 ſe
1299 1662 1388 1715 poſſe
1407 1660 1581 1713 obligare:
1611 1655 1659 1695 ad
1664 1660 1812 1708 poenam
1829 1651 1984 1702 corporis
2006 1646 2232 1698 afflictiuam,
2255 1637 2322 1679 vbi
2332 1639 2389 1689 ſa-

1058 1731 1148 1762 num
1161 1725 1196 1758 et
1207 1728 1278 1757 non
1293 1712 1501 1754 mutilatum
1516 1719 1639 1762 corpus
1637 1705 1780 1756 ſeruari
1791 1714 1860 1741 non
1869 1699 1981 1751 poſſit,
2005 1697 2128 1736 itidem
2141 1693 2390 1746 obligationem

1060 1779 1214 1825 exulare.
1268 1775 1586 1820 PVFFENDORF
1617 1771 1656 1808 in
1672 1768 1742 1808 Iur.
1757 1765 1845 1806 Nat.
1862 1774 1898 1803 et
1912 1761 2025 1801 Gent.
2040 1770 2088 1796 ex
2100 1754 2263 1796 editione
2293 1760 2389 1791 BAR-

1063 1846 1278 1880 BEYRACII
1300 1834 1380 1874 Lib.
1398 1832 1495 1875 VIII.
1511 1827 1602 1882 Cap.
1625 1824 1686 1869 IlI.
1700 1824 1731 1877 §.
1748 1822 1812 1864 IV.
1825 1832 1862 1859 n.
1881 1830 1920 1867 4.
1947 1815 1986 1856 de
2003 1808 2034 1855 Ià
2054 1814 2086 1855 il
2106 1809 2250 1865 s'enſuit,
2263 1803 2398 1857 inquit,

1062 1896 1164 1956 qu'on
1181 1891 1223 1937 ne
1235 1900 1318 1948 peut
1329 1900 1393 1945 pas
1406 1889 1481 1930 dire
1488 1889 1724 1943 proprement,
1741 1892 1804 1938 que
1818 1876 1976 1933 perſonne
1976 1874 2051 1931 ſoit
2066 1869 2180 1930 obligé
2195 1870 2236 1912 de
2248 1868 2346 1921 ſubir
2359 1869 2396 1910 la

1059 1956 1169 2012 peine.
1227 1954 1299 1997 Car
1312 1945 1532 2006 l'obligation
1549 1956 1592 1986 ne
1611 1936 1781 1997 regarde,
1806 1936 1831 1976 à
1851 1940 2070 1991 proprement
2083 1931 2224 1988 parler,
2259 1937 2326 1979 que
2345 1925 2396 1966 les

1065 2014 1194 2070 choſes,
1222 2022 1296 2051 aux
1310 2009 1434 2066 quelles
1450 2019 1494 2048 on
1510 2003 1586 2047 doit
1583 2001 1622 2056 ſe
1633 2007 1753 2057 porter
1768 1995 1974 2040 volontiers
1990 2005 2027 2034 et
2043 1990 2090 2032 de
2110 1991 2177 2031 ſon
2199 1998 2273 2040 pur
2289 1994 2396 2025 mou-

1067 2085 1231 2119 vement.
1267 2072 1392 2112 Porro
1415 2074 1636 2116 LANGIVS,
1663 2057 1828 2115 perpende
1842 2053 1971 2111 quaeſo,
1987 2051 2125 2104 inquit,
2138 2047 2255 2099 eſſetne
2262 2052 2397 2088 contra-

1069 2126 1281 2173 dictorium?
1309 2122 1511 2175 inſtinctum
1523 2118 1575 2160 ad
1578 2119 1704 2169 ſanum
1722 2120 1845 2164 corpus
1867 2102 2095 2163 animumque
2101 2100 2316 2158 ſeruandum
2333 2098 2399 2139 ale-

1069 2206 1130 2237 re:
1151 2191 1262 2240 finem
1272 2191 1454 2242 proponere
1464 2181 1539 2235 ſibi
1556 2184 1671 2233 ſtatus
1688 2173 1926 2230 perfectionis,
1943 2177 1996 2210 et
2010 2180 2078 2208 non
2099 2171 2293 2220 proponere.
2347 2164 2403 2206 Vt

1073 2258 1197 2291 autem
1215 2244 1342 2298 paucis
1357 2254 1419 2283 me
1435 2239 1636 2294 explicem,
1663 2235 1713 2274 ita
1729 2246 1790 2275 res
1805 2231 1856 2270 eſt
1870 2235 2102 2281 comparata,
2132 2236 2175 2266 vt
2187 2220 2320 2264 ſcilicet
2335 2218 2411 2261 ob-

1074 2308 1202 2363 ligatio
1219 2307 1313 2348 mihi
1327 2304 1426 2353 inſit,
1458 2301 1560 2342 cuius
1574 2294 1735 2350 expletio
1749 2304 1810 2334 aut
1825 2303 1926 2334 nunc
1950 2287 2190 2339 deſideratur,
2219 2292 2279 2322 aut
2304 2289 2418 2324 non,

1075 2371 1104 2409 ſi
1117 2370 1204 2417 hoc,
1218 2363 1317 2406 adeſt
1332 2359 1534 2414 obligatio,
1550 2368 1593 2398 vt
1605 2358 1654 2397 ita
1672 2352 1793 2397 dicam
1808 2351 1848 2390 in
1863 2347 1946 2390 actu
1959 2347 2108 2400 primo,
2136 2353 2174 2382 et
2195 2340 2295 2383 adeſt
2314 2346 2405 2387 quo-

1078 2411 1153 2466 que
1161 2421 1223 2457 ius
1239 2414 1402 2470 cogendi
1413 2419 1453 2453 in
1468 2409 1551 2452 actu
1567 2408 1713 2461 primo;
1743 2404 1771 2444 ſi
1783 2400 1874 2444 illud
1885 2400 1985 2445 adeſt
2000 2396 2180 2450 obligatio
2193 2396 2235 2435 in
2248 2391 2340 2433 actu
2357 2388 2425 2433 ſe-

1080 2465 1218 2520 cundo.
1271 2473 1395 2511 Huius
1416 2467 1580 2518 expletio
1603 2474 1664 2503 aut
1687 2460 1795 2507 nullis
1811 2459 1887 2504 aliis
1898 2455 2063 2505 mediis,
2100 2458 2213 2498 quam
2235 2440 2427 2490 coactiuis
