2585 2775
409 593 456 615 ⁎⁎
505 587 573 627 Leo
597 585 767 625 videlicet
786 589 881 627 VIII.
907 588 944 624 in
962 585 1105 636 ſynodo
1124 589 1286 630 Romana
1302 598 1353 624 an.
1371 591 1457 635 963.
1477 588 1651 630 celebrata
1666 591 1699 629 in

358 634 525 675 favorem
553 634 688 674 Ottonis
709 637 739 674 I.
776 634 959 682 hujusque
984 633 1247 682 ſucceſſorum,
1275 637 1394 682 idem,
1411 641 1516 686 quod
1537 643 1602 679 ſub
1625 646 1700 683 Ha-

357 687 477 725 driano
489 683 661 722 ſtatutum
668 682 796 729 fertur,
818 684 999 733 repetiiſſe
1013 685 1175 738 legitur..
1188 689 1307 738 quid?
1325 694 1427 738 quod
1443 691 1489 725 eò
1501 700 1618 738 usque
1633 699 1699 730 Leo

358 738 422 776 iſte
436 734 647 786 progreſſus
672 735 823 782 dicitur,
858 744 901 773 ut
926 737 1060 776 eodem
1081 738 1230 778 decreto
1250 743 1470 792 Imperatori
1490 750 1703 784 conceſſerit

356 783 576 839 poteſtatem
599 786 816 827 Pontificem
840 783 957 836 ipſum
972 787 1183 827 nominandi
1200 799 1309 841 atque
1325 794 1494 839 eligendi.
1533 799 1632 844 Conf.
1650 802 1700 832 al-

358 849 467 875 terum
477 836 650 887 famoſum
666 846 823 874 canonem
838 846 896 883 23.
918 835 968 874 D.
989 841 1049 883 63.

357 937 514 979 Additio
536 942 565 968 1.
618 933 659 972 In
675 929 811 972 diverſa
826 930 885 971 hìc
900 929 1024 971 rurſus
1037 930 1129 973 ſenſa
1145 933 1317 974 authores
1333 944 1485 984 abeunt:
1528 949 1703 989 Pluribus

306 994 519 1029 conſtitutio
542 981 604 1020 iſta
625 979 729 1032 æquè
754 993 794 1019 ac
815 979 920 1034 prior
936 983 1185 1023 commentitia
1206 988 1363 1034 videtur.
1466 1001 1626 1038 Sufficiat
1642 1003 1701 1035 hìc

306 1047 442 1079 præter
462 1050 549 1079 alios
573 1036 675 1079 ſupra
691 1032 818 1070 citatos
834 1028 1081 1071 teſtimonium
1098 1033 1208 1072 celeb.
1221 1037 1369 1086 Fleury:
1403 1060 1541 1095 (quem
1558 1049 1596 1091 in
1614 1056 1702 1092 con-

305 1101 451 1131 trariam
466 1098 575 1131 trahit
592 1083 801 1123 ſententiam
809 1082 958 1125 Author
974 1085 1158 1123 recentior
1169 1082 1338 1127 Concord.
1349 1115 1421 1136 nat.
1431 1115 1540 1146 germ.
1554 1110 1700 1146 integra.

304 1145 355 1184 T.
374 1141 417 1178 Il.
439 1140 500 1177 ſed
522 1149 599 1187 quo
619 1138 730 1188 jure?
761 1152 836 1178 non
852 1137 990 1182 video)
1036 1140 1094 1180 hic
1114 1144 1163 1181 H.
1181 1145 1222 1184 E.
1239 1147 1290 1184 T.
1309 1146 1404 1184 XIII.
1436 1151 1480 1193 ad
1480 1151 1522 1194 a.
1538 1157 1624 1193 964.
1653 1152 1700 1195 ità

303 1198 445 1230 ſcribit:
476 1187 679 1227 ,,occurrit
695 1185 754 1222 hìc
762 1185 921 1225 Concilii
936 1183 1033 1223 iſtius
1047 1185 1260 1231 decretum,
1288 1194 1326 1222 in
1334 1201 1411 1234 quo
1421 1199 1489 1240 Leo
1508 1205 1698 1250 (oƈtavus)

305 1241 449 1283 „Papa
471 1246 556 1272 cum
577 1244 659 1272 toto
674 1235 773 1272 clero
792 1234 1010 1286 populóque
1025 1237 1194 1276 Romano
1220 1240 1341 1278 Ottoni
1362 1244 1603 1290 ejusdémque
1620 1256 1700 1295 ſuc-

302 1289 555 1334 „ceſſoribus
576 1283 765 1331 concedit,
804 1285 1069 1336 confirmátque
1095 1287 1305 1328 facultatem
1321 1288 1508 1340 deligendi
1523 1302 1703 1345 ſucceſſo-

301 1352 436 1389 „rem
457 1342 495 1374 in
516 1348 634 1389 regno
659 1339 767 1378 Italiæ
789 1339 921 1390 Papam
946 1338 1207 1389 conſtituendi,
1242 1340 1448 1396 Epiſcopos
1471 1348 1699 1392 inveſtiendi,

300 1411 401 1448 „ità
415 1415 456 1440 ut
472 1412 539 1437 nec
555 1388 744 1441 patricius,
771 1402 837 1428 nec
845 1388 958 1439 Papa,
985 1401 1051 1428 nec
1060 1389 1266 1445 Epiſcopus
1279 1394 1414 1443 absque
1431 1399 1508 1443 ejus
1525 1407 1700 1452 conſenſu

299 1449 442 1502 „eligi
462 1444 592 1496 poſſit,
631 1439 750 1479 addita
772 1439 1172 1487 excommunicationis,
1193 1454 1365 1494 perpetui
1387 1451 1487 1491 exilii
1513 1455 1552 1494 &
1578 1459 1705 1494 ultimi

300 1497 519 1538 „ſupplicii
539 1502 667 1538 pœna,
697 1491 759 1530 ſed
782 1493 819 1533 in
840 1491 1077 1542 ſcriptoribus
1098 1497 1182 1538 NB.
1205 1496 1300 1535 illius
1320 1504 1500 1544 temporis
1515 1505 1626 1544 hujus
1645 1508 1701 1534 rei

301 1555 492 1595 „mentio
519 1564 584 1590 non
593 1548 667 1587 fit“
695 1542 738 1581 ad
751 1555 825 1594 quæ
842 1542 946 1582 verba
962 1542 1010 1582 ità
1023 1556 1127 1585 notat
1142 1549 1332 1590 BRUNO
1355 1550 1598 1591 PARODE:
1619 1555 1701 1591 Na-

298 1602 382 1646 talis
390 1594 598 1646 Alexander
611 1601 691 1642 pag.
707 1596 779 1642 quà
788 1589 900 1644 ſupra,
918 1590 963 1629 de
973 1590 1046 1631 hoc
1060 1594 1111 1633 ità
1121 1596 1258 1648 inquit:
1286 1609 1408 1646 háncce
1422 1602 1699 1647 conſtitutionem,

300 1652 403 1699 quam
418 1651 525 1700 refert
546 1648 738 1690 Gratianus
753 1650 803 1690 D.
814 1654 872 1699 63.
890 1659 919 1686 c.
930 1659 988 1697 23.
1004 1649 1203 1704 doƈtiſſimus
1216 1652 1415 1696 Cardinalis
1422 1655 1705 1700 BARONIUS

288 1705 542 1750 ſuppoſititiam
557 1701 617 1758 eſſe
638 1697 779 1753 probat..
796 1697 959 1739 reclamat
979 1701 1037 1739 vir
1052 1694 1182 1744 pariter
1196 1703 1398 1759 doƈtiſſimus
1406 1706 1532 1746 Petrus
1544 1709 1584 1746 de
1592 1712 1699 1748 Mar-

298 1774 340 1805 ca
363 1757 386 1801 l.
398 1758 509 1806 VIII.
533 1753 574 1789 de
592 1762 681 1788 conc.
703 1749 775 1800 ſac.
799 1751 840 1795 &
852 1747 932 1797 imp.
954 1747 1019 1805 ſed
1035 1738 1184 1792 Baronii
1201 1763 1410 1804 argumentis
1428 1769 1493 1791 non
1513 1764 1700 1805 respondet,

292 1811 414 1850 petitis
430 1812 469 1858 1)
486 1811 508 1853 à
517 1808 662 1851 falſitate
675 1801 796 1846 ſimilis
813 1795 1067 1845 conceſſionis,
1087 1813 1200 1850 quam
1209 1806 1251 1840 ab
1259 1810 1443 1843 Hadriano
1452 1816 1482 1844 I.
1507 1816 1628 1845 Carolo
1639 1818 1698 1845 M.

297 1862 430 1894 faƈtam
454 1864 511 1892 ait.
574 1862 620 1904 2)
650 1854 770 1910 Quòd
792 1853 1051 1897 abſurdum
1002 1848 1058 1900 ſit
1067 1858 1210 1897 Leonem
1227 1861 1331 1900 VIII.
1352 1862 1557 1902 conceſſiſſe
1577 1870 1703 1903 Ottoni

296 1916 372 1952 jam
388 1914 624 1956 Imperatori,
659 1919 702 1944 ut
723 1903 809 1945 eſſet
833 1897 1040 1957 patricius.
1022 1899 1073 1956 &
1077 1907 1178 1953 Rex,
1203 1911 1309 1957 quod
1325 1912 1360 1945 in
1382 1923 1422 1949 ea
1439 1920 1701 1950 conſtitutione

293 1968 461 2022 habetur.
461 1963 579 2018 3)
579 1958 731 2014 Quòd
731 1954 857 2010 hujus
857 1951 1142 2011 conſtitutionis
1142 1958 1397 2015 violatoribus
1397 1969 1497 2017 non
1497 1973 1637 2021 modò
1637 1979 1703 2023 ex-

296 2014 614 2078 communicatio,
614 2010 732 2074 ſed
732 2009 937 2064 ultimum
937 2010 1066 2060 etiam
1066 2010 1322 2073 ſupplicium
1322 2013 1578 2085 irrogetur,
1578 2019 1701 2087 quod

297 2078 318 2097 a
334 2071 431 2110 ſtylo
455 2070 728 2112 pontificiarum
743 2056 1047 2099 conſtitutionum
1063 2063 1219 2103 omnino
1237 2067 1393 2103 alienum
1409 2082 1478 2106 &c.
1504 2078 1610 2117 plura
1635 2076 1702 2105 tibi

294 2132 416 2175 ſiſtent
431 2133 527 2173 auth.
543 2131 606 2171 cit.

347 2208 449 2251 Criſis
471 2200 621 2249 propria.
672 2199 729 2240 Ut
729 2199 779 2241 ùt
795 2201 832 2239 in
848 2195 1067 2241 vindicando
1083 2211 1246 2253 utroque
1264 2228 1403 2253 canone
1418 2224 1560 2256 laboret
1574 2236 1701 2256 recen-

294 2262 367 2293 tiùs
382 2255 532 2295 Author
550 2254 722 2293 concord.
740 2263 809 2292 nat.
829 2265 947 2304 germ.
967 2257 1016 2298 T.
1031 2260 1091 2301 III.
1110 2258 1157 2299 de
1177 2271 1229 2298 an.
1249 2281 1354 2317 1773.
1372 2273 1409 2321 P.
1423 2283 1481 2316 53.
1501 2279 1530 2310 &
1548 2266 1644 2310 ſeqq.
1663 2266 1701 2306 id

295 2334 418 2353 tamen
446 2314 490 2352 ùt
515 2309 659 2354 certum
680 2300 772 2339 mihi
798 2312 875 2339 non
896 2299 1140 2349 demonſtrat,
1169 2332 1213 2356 ut
1229 2326 1339 2354 ambo
1354 2330 1512 2358 canones
1533 2316 1698 2355 Legibus

296 2365 496 2410 germaniæ
518 2357 669 2402 adſcribi
691 2359 989 2406 promereantur:
1023 2376 1100 2403 non
1118 2364 1280 2416 primus,
1314 2375 1449 2414 utpote
1464 2378 1509 2404 ex
1526 2368 1700 2406 Concilio

295 2415 357 2465 vel
373 2414 506 2453 fiƈtitio
520 2410 580 2449 vel
602 2405 731 2460 (quod
747 2419 893 2449 certum
906 2408 1049 2460 habeo)
1067 2412 1191 2453 ſaltem
1208 2414 1359 2453 dubio..
1375 2424 1497 2462 neque
1513 2413 1620 2459 alter,
1641 2425 1698 2451 ut-
