1529 2152
74 391 181 430 nem:
219 390 291 425 hinc
318 399 362 424 ex
387 383 534 423 anilium
559 381 759 420 fabularum
781 381 922 418 relatio-

76 442 141 483 ne,
146 442 237 488 fieri,
255 450 287 474 vt
294 436 427 486 quidam
444 448 482 471 ex
491 436 600 482 prima
619 435 675 478 iſta
694 433 873 467 educatione
886 434 922 468 in

73 493 265 532 grandiorem
293 496 429 524 aetatem
453 488 508 523 vel
527 495 644 522 teneros
673 486 726 520 vel
736 485 856 528 fractos
883 488 923 520 &

75 545 205 582 pueriles
228 544 350 577 animos
366 541 523 587 referant,
544 535 627 571 nihil
637 546 668 570 vt
679 544 773 583 graue
793 544 829 565 ac
843 541 923 578 pru-

79 589 152 628 dens
163 592 283 627 audire
308 592 347 627 &
358 589 507 636 ſuſtinere
523 596 651 634 queant.
700 583 834 632 Neque
849 581 922 617 hoc

80 650 130 688 eſt
142 648 262 688 ſaltem
283 642 488 684 intellectus
508 638 765 683 infortunium,
794 639 924 675 volun-

80 697 130 734 tas
146 693 271 734 eadem
288 691 521 742 corrumpitur
540 687 697 732 ratione,
717 686 803 725 dum
835 691 923 722 tot

81 749 276 790 excitantur
296 745 469 789 affectus,
485 739 549 794 qui
563 741 723 781 animum
732 739 849 780 adulta
866 749 925 777 ae-

83 803 149 841 tate
162 801 208 840 ad
224 811 280 838 res
300 795 393 836 bene
408 793 584 845 gerendas
598 793 762 842 ineptum
778 789 925 828 faciunt.

84 845 169 890 Mea
186 846 359 899 opinione
372 842 571 893 prudentia
597 840 775 881 educandi
793 838 924 880 exinde

85 900 240 944 elucet,
275 893 426 947 quando
445 904 608 944 parentes
644 892 758 933 liberis
781 900 927 929 omnem

86 951 252 995 praebent
273 970 507 989 occaſionem,
521 957 597 983 non
611 943 770 983 euitandi
788 950 927 980 tantum

86 999 182 1047 ideas
199 1004 320 1047 falſas,
338 1002 398 1041 ſed
414 1007 448 1041 &
457 999 585 1050 puerili
605 1000 714 1038 oculo
745 999 791 1036 ad
816 993 928 1046 ipſam

88 1057 200 1105 vsque
211 1052 392 1091 veritatem
402 1046 621 1099 penetrandi.
672 1048 748 1085 Imo
765 1046 853 1084 inter
864 1043 930 1084 bo-

87 1100 122 1141 ni
142 1101 279 1154 ingenii
299 1098 431 1140 indicia
453 1107 590 1148 repono
605 1093 764 1135 animum
781 1108 800 1132 a
823 1103 930 1133 coeca

87 1158 292 1199 credulitate
311 1157 411 1195 etiam
428 1150 527 1206 prima
548 1160 663 1190 aetate
675 1153 850 1192 alienum,
864 1157 929 1186 ne-

90 1215 159 1255 que
167 1208 308 1258 poſſum
315 1199 465 1253 aſſentiri
485 1196 696 1253 celeberrimo
717 1199 867 1251 praeſuli
884 1197 931 1242 de

88 1256 350 1302 FENELON*
372 1252 438 1303 qui
445 1249 660 1302 praeiudicia
675 1249 720 1288 ad
731 1248 868 1288 bonum
880 1249 935 1287 di-

89 1309 185 1350 recta
200 1308 306 1347 enixe
316 1304 576 1351 commendat,
595 1302 685 1341 alias
707 1301 803 1340 enim
826 1300 931 1339 bruta

89 1368 241 1412 quoque
249 1362 329 1400 Deo
337 1358 491 1410 placeret
502 1351 585 1403 fides
605 1375 806 1397 pietasque,
826 1351 931 1401 quod

90 1409 123 1448 &
132 1407 332 1450 Scripturae
351 1409 367 1444 &
392 1401 517 1454 rationi
535 1399 769 1452 contrariatur.

183 1465 217 1508 §.
240 1464 299 1500 IV.
350 1455 540 1498 Mirabitur
552 1454 649 1493 forte
674 1464 752 1491 non
775 1462 887 1495 vnus,
903 1450 934 1490 ſi

91 1496 241 1544 dixero:
263 1501 336 1550 ipſa
356 1501 470 1540 ſtudia
490 1499 682 1547 ſapientiae
694 1497 852 1532 ſtudium
867 1500 935 1530 im-

91 1561 239 1608 pedire;
262 1559 397 1599 interim
417 1552 593 1604 dolendum
621 1557 681 1597 eſt,
688 1556 728 1595 id
744 1552 856 1603 ipſum
865 1552 933 1591 vti-

92 1616 165 1659 que
172 1611 244 1652 eſſe
254 1607 487 1650 verisſimum.
536 1604 733 1645 Enimuero
741 1603 856 1641 ſtudia
870 1602 936 1639 im-

92 1664 228 1701 matura
243 1663 280 1701 &
295 1655 422 1708 puerili
436 1663 552 1696 aetate
568 1650 813 1707 praecipitata,
831 1649 935 1690 nimi-

93 1715 220 1747 osque,
229 1706 334 1747 queis
348 1704 547 1747 aliquando
564 1702 768 1744 obruuntur
777 1698 939 1748 ingenia,

837 1753 940 1792 labo-

136 1822 200 1860 *de
221 1817 402 1856 educatione
411 1817 564 1864 Filiarum
564 1821 602 1861 p.
611 1823 660 1857 93.
677 1812 753 1849 edit.
763 1821 849 1858 quae
866 1813 939 1846 Ha-

199 1868 255 1921 lae
254 1867 434 1917 germanice
435 1866 535 1916 prod.
