2965 4013
1004 776 1088 825 652

1309 764 1582 827 TRACT.
1614 773 1691 826 IV.
1724 772 1926 828 LIBRI
1958 782 2238 843 QUINTI

934 863 1152 911 ctoribus,
1185 861 1260 917 qui
1303 861 1349 907 in
1391 862 1475 906 hoc
1516 862 1736 919 negligens
1777 864 1907 910 fuerit
1947 866 2140 911 incurrat
2184 867 2223 911 d.
2259 868 2486 913 communi
2519 869 2622 916 Flo-

937 920 1077 962 rentię
1111 918 1154 961 in
1188 931 1359 974 pœnam
1391 921 1462 964 lib.
1503 936 1598 964 500.
1632 911 1658 964 f.
1692 935 1729 978 p.
1764 934 1843 978 pro
1875 922 1972 965 vice
2005 926 2198 981 qualibet
2230 925 2307 970 ſibi
2353 925 2619 978 auferenda,

936 980 979 1021 &
1024 972 1252 1019 communi
1296 975 1525 1021 Florentiæ
1567 978 1847 1034 applicanda,
1881 983 1919 1021 &
1964 985 2016 1023 de
2059 987 2144 1024 hoc
2192 988 2379 1037 quilibet
2420 985 2614 1040 ipſorum

934 1046 1091 1105 poſſit,
1148 1051 1164 1092 &
1208 1048 1360 1093 debeat
1403 1047 1670 1106 ſingulariter
1711 1048 1945 1103 ſindicari,
1988 1055 2028 1095 &
2070 1051 2290 1109 intelligi,
2324 1056 2362 1096 &
2396 1053 2617 1099 obſervari

937 1102 1152 1154 debeant,
1181 1115 1314 1159 prout
1356 1106 1500 1148 iacent
1539 1118 1615 1161 per
1655 1101 1844 1160 omnes,
1890 1110 1927 1151 &
1971 1109 2023 1152 ab
2066 1110 2274 1152 omnibus
2301 1110 2613 1167 poteſtatibus,

932 1164 1198 1223 capitaneis,
1231 1168 1433 1221 vicariis,
1461 1171 1505 1212 &
1556 1170 1650 1214 aliis
1697 1169 1947 1216 offitialibus
1997 1173 2244 1220 communis
2277 1174 2504 1219 Florentiæ
2537 1175 2616 1219 ſub

934 1240 1091 1284 pœna,
1124 1229 1163 1271 &
1206 1230 1344 1286 pœnis
1388 1229 1580 1290 ſuperius
1619 1232 1835 1276 adnotatis
1878 1236 1930 1277 ad
1963 1233 2138 1286 ſanum,
2173 1237 2211 1277 &
2244 1248 2400 1292 purum
2443 1237 2610 1282 intelle-

935 1289 1085 1340 ctum,
1116 1288 1496 1341 cavillationibus,
1528 1291 1566 1334 &
1598 1290 1741 1349 pravis
1774 1292 2205 1351 interpetrationibus
2238 1293 2420 1337 omnino
2471 1308 2617 1339 remo-

933 1350 1014 1402 tis,
1033 1349 1153 1394 ſalvis
1187 1351 1317 1396 etiam
1349 1351 1463 1401 illis,
1489 1363 1571 1405 quę
1605 1351 1775 1406 gravius
1809 1352 2136 1413 diſponerentur
2168 1369 2321 1398 contra
2353 1357 2607 1412 delinquen-

934 1423 1000 1455 tes
1032 1412 1078 1454 in
1111 1413 1347 1469 prædictis,
1378 1416 1450 1458 vel
1481 1413 1628 1470 aliquo
1662 1415 1990 1474 prædictorum.
2021 1418 2079 1460 Et
2111 1418 2234 1474 quod
2274 1418 2460 1475 quilibet
2492 1430 2614 1475 pote-

934 1474 1082 1521 ſteria,
1116 1469 1229 1528 liga,
1262 1473 1512 1518 univerſitas
1543 1474 1776 1521 cuiuslibet
1807 1476 2072 1534 poteſteriæ,
2107 1481 2146 1520 &
2178 1478 2304 1534 ligæ,
2333 1482 2372 1521 &
2405 1479 2614 1524 homines

933 1539 976 1579 &
1008 1534 1207 1579 offitiales
1238 1534 1469 1580 cuiuslibet
1500 1534 1762 1594 poteſteriæ,
1795 1541 1834 1581 &
1878 1537 1971 1594 ligæ
2015 1538 2282 1591 comitatus,
2314 1543 2352 1584 &
2396 1542 2616 1588 diſtrictus

935 1592 1195 1645 Florentiæ,
1228 1592 1272 1636 in
1316 1606 1424 1651 qua,
1458 1594 1527 1638 vel
1570 1595 1726 1654 quibus
1769 1597 1869 1643 eſſet
1911 1599 2101 1644 offitialis
2134 1614 2236 1643 cum
2284 1600 2607 1651 iuriſdictione,

933 1670 983 1704 ac
1016 1657 1149 1702 etiam
1175 1657 1252 1717 ipſi
1283 1657 1535 1722 poteſtates,
1568 1659 1807 1718 capitanei,
1840 1661 2019 1716 vicarii,
2051 1666 2091 1706 &
2122 1664 2195 1712 alii
2227 1663 2424 1711 offitiales
2458 1666 2616 1722 prædi-

932 1717 989 1760 cti
1022 1727 1275 1767 teneantur,
1308 1720 1354 1760 &
1380 1719 1563 1763 debeant
1596 1717 1760 1770 facere,
1793 1722 1833 1762 &
1866 1717 2004 1764 facere
2047 1719 2185 1773 ſumi,
2216 1724 2257 1763 &
2299 1722 2342 1764 in
2386 1722 2613 1780 publicam

930 1773 1114 1822 formam
1149 1774 1305 1825 ſcribi,
1337 1779 1376 1818 &
1410 1775 1541 1831 penes
1576 1771 1625 1832 ſe
1651 1777 1797 1821 habere
1836 1778 2049 1833 præſentia
2080 1779 2410 1831 ordinamenta,
2444 1785 2485 1824 &
2532 1783 2604 1826 de-

932 1845 1060 1878 mum
1074 1833 1182 1889 ipſa
1208 1833 1346 1878 facere
1378 1835 1529 1891 ligari,
1562 1840 1605 1877 &
1633 1837 1756 1892 poni
1772 1844 1903 1892 penes
1933 1840 2145 1881 volumen
2174 1837 2433 1883 ſtatutorum
2474 1839 2613 1897 ipſius

934 1885 1196 1952 poteſteriæ,
1227 1883 1548 1948 capitaneatus,
1582 1896 1621 1935 &
1655 1889 1913 1944 vicariatus,
1946 1897 1984 1937 &
2017 1895 2136 1944 loci,
2168 1894 2213 1936 in
2246 1909 2333 1951 quo
2366 1898 2603 1944 iuriſdictio

933 1936 1185 1997 exercetur,
1217 1958 1272 1989 ut
1297 1947 1451 1992 exinde
1484 1946 1565 1991 ſint
1597 1958 1701 1991 tam
1719 1948 2026 2007 poteſtatibus,
2060 1950 2257 2004 vicariis,
2290 1955 2330 1996 &
2372 1955 2475 1997 aliis
2510 1956 2604 2000 offi-

934 2013 1138 2064 tialibus,
1170 2026 1299 2068 quam
1330 2015 1535 2061 omnibus
1565 2016 1659 2059 aliis
1692 2027 1821 2067 nota,
1879 2018 1895 2057 &
1938 2016 2187 2069 manifeſta.
2210 2019 2268 2062 Et
2313 2019 2432 2075 quod
2475 2021 2603 2078 quili-

935 2071 1010 2122 bet
1040 2088 1092 2117 ex
1114 2072 1183 2117 dd.
1199 2072 1463 2132 poteſteriis,
1495 2073 1862 2133 capitaneatibus,
1895 2073 1965 2120 ſeu
1997 2076 2373 2130 univerſitatibus,
2405 2079 2502 2135 qui,
2534 2078 2613 2126 ſeu

932 2146 1026 2189 quæ
1058 2132 1113 2177 ſic
1144 2132 1281 2188 ſumi,
1314 2136 1353 2178 &
1384 2133 1596 2193 publicari
1628 2152 1725 2180 non
1749 2134 1928 2188 fecerit,
1958 2137 2179 2191 incurrat,
2212 2143 2254 2183 &
2284 2138 2502 2184 incurrere
2534 2140 2614 2184 in-

931 2196 1151 2253 telligatur
1190 2198 1420 2246 communi
1457 2196 1683 2244 Florentiæ
1726 2198 1778 2242 in
1815 2213 1990 2257 pœnam
2030 2202 2101 2246 lib.
2138 2217 2204 2253 25.
2253 2200 2265 2244 f.
2298 2217 2338 2258 p.
2371 2203 2606 2247 communi

933 2260 1163 2306 Florentiæ
1194 2260 1472 2311 ſolvendam,
1504 2262 1543 2305 &
1577 2261 1863 2309 nihilominus
1896 2263 2026 2306 etiam
2059 2261 2233 2318 ſemper
2255 2265 2457 2320 prædicta
2482 2265 2597 2310 face-

932 2331 988 2363 re
1010 2328 1231 2361 teneatur.
1262 2318 1321 2361 Et
1360 2318 1484 2375 quod
1518 2318 1564 2361 in
1608 2319 1799 2376 qualibet
1841 2333 1980 2372 terra,
2012 2324 2053 2364 &
2084 2321 2189 2365 loco
2229 2323 2492 2376 comitatus,
2527 2321 2600 2367 ſeu

932 2381 1142 2428 diſtrictus
1177 2382 1402 2427 Florentiæ
1433 2380 1670 2439 ſubpoſita,
1703 2382 1774 2427 ſeu
1805 2384 2027 2438 ſubmiſſa,
2060 2381 2130 2429 ſeu
2162 2398 2244 2442 quę
2276 2384 2612 2431 ſubmitteretur

932 2437 1161 2482 communi
1194 2438 1451 2491 Florentiæ,
1483 2437 1536 2480 in
1562 2452 1671 2495 qua,
1708 2439 1775 2483 vel
1808 2455 1900 2497 quo
1925 2440 2011 2495 eſt,
2044 2443 2113 2486 vel
2145 2444 2225 2490 eſſe
2257 2444 2389 2490 debet
2418 2443 2484 2489 vel
2517 2445 2608 2493 erit

932 2508 1016 2551 pro
1046 2497 1277 2542 communi
1306 2496 1534 2544 Florentiæ
1567 2498 1772 2555 poteſtas,
1805 2499 2071 2557 capitaneus,
2104 2500 2316 2552 vicarius,
2348 2502 2419 2546 ſeu
2450 2504 2600 2554 rector,

930 2558 1007 2604 vel
1034 2556 1222 2603 offitialis
1254 2550 1592 2604 iuriſdictionem
1624 2571 1826 2602 exercens
1870 2555 2111 2606 ſecundum
2158 2561 2348 2606 formam
2388 2575 2604 2619 quorum-

931 2628 1120 2672 cumque
1149 2618 1402 2677 pactorum,
1434 2616 1512 2662 ſeu
1536 2632 1913 2677 quorumcumque
1944 2615 2195 2669 communis
2227 2626 2454 2670 Florentiæ
2487 2624 2613 2669 ordi-

929 2690 1241 2727 namentorum
1269 2690 1357 2723 tam
1391 2672 1639 2731 editorum,
1671 2692 1799 2736 quam
1831 2680 2101 2728 edendorum
2136 2682 2217 2736 ſit,
2244 2687 2283 2727 &
2323 2684 2402 2733 eſſe
2447 2683 2611 2731 debeat

929 2742 1133 2799 quædam
1174 2742 1301 2806 capſa
1340 2744 1513 2791 firmata
1539 2745 1718 2790 duobus
1740 2747 1936 2794 clavibus
1968 2747 2199 2799 tenendis,
2237 2750 2279 2790 &
2310 2761 2394 2803 quę
2425 2748 2608 2797 retineri

929 2800 1115 2846 debeant
1143 2817 1235 2851 una
1261 2802 1392 2848 videl.
1425 2816 1500 2861 per
1532 2804 1743 2849 rectorem
1770 2806 1954 2850 maioris
1978 2805 2178 2862 eccleſie,
2195 2808 2265 2850 vel
2298 2806 2421 2852 ſuum
2451 2810 2608 2854 locum

933 2872 1202 2913 tenentem,
1260 2865 1298 2907 &
1330 2864 1411 2909 alia
1442 2877 1527 2921 per
1548 2866 1791 2917 rectorem,
1829 2866 1900 2909 ſeu
1930 2866 2218 2913 camerarium
2245 2867 2473 2925 terrigenas
2506 2869 2614 2916 talis

932 2932 1086 2973 terræ,
1114 2920 1194 2965 vel
1219 2938 1345 2973 loci,
1382 2921 1464 2966 ſeu
1485 2916 1747 2982 poteſteriæ,
1789 2923 2048 2978 vicariatus,
2068 2924 2151 2969 vel
2182 2925 2506 2984 capitaneatus,
2538 2939 2621 2969 re-

930 2986 1101 3038 ctoriæ,
1148 2988 1217 3031 vel
1248 2986 1414 3039 officii,
1459 3000 1550 3043 quæ
1582 2985 1702 3046 capſa
1735 2987 1785 3032 ſit
1816 2991 1937 3048 apta,
1980 3001 2031 3033 ut
2061 2989 2248 3048 quilibet
2275 2991 2399 3050 poſſit
2429 2993 2473 3035 in
2506 2997 2626 3038 eam

928 3051 1010 3095 pro
1043 3038 1170 3083 libito
1203 3031 1385 3084 mittere
1407 3037 1583 3085 omnem
1615 3041 1897 3099 ſcripturam,
1940 3042 2011 3086 ſeu
2043 3044 2263 3090 cedulam,
2307 3057 2434 3100 quam
2467 3046 2612 3090 vellet

932 3102 972 3153 &
1007 3105 1144 3150 teneri
1178 3105 1305 3150 debet
1346 3104 1436 3163 ipſa
1467 3105 1595 3163 capſa
1622 3107 1707 3152 fixa
1749 3109 1793 3151 in
1835 3109 2003 3160 aliqua,
2044 3112 2084 3151 &
2128 3111 2315 3153 maxime
2359 3112 2404 3155 in
2447 3111 2612 3158 maiori

928 3167 1110 3211 eccleſia
1138 3169 1258 3213 dictæ
1291 3179 1439 3218 terræ,
1472 3169 1543 3213 vel
1574 3171 1670 3213 loci
1696 3170 1740 3214 in
1774 3167 1876 3215 loco
1905 3162 2042 3227 magis
2070 3171 2276 3229 publico,
2325 3175 2370 3216 &
2411 3171 2607 3230 patenti.

927 3227 1078 3279 Quam
1109 3221 1277 3283 capſam
1309 3226 1503 3285 quilibet
1536 3227 1726 3287 ipſorum
1759 3228 2099 3280 communium,
2136 3244 2221 3275 nec
2248 3244 2337 3275 non
2369 3231 2451 3289 ipſi
2477 3243 2609 3288 pote-

930 3287 1082 3338 ſtates,
1114 3287 1354 3346 capitanei,
1387 3287 1567 3344 vicarii,
1600 3292 1805 3345 rectores,
1838 3296 1880 3336 &
1911 3292 2117 3338 officiales
2149 3294 2286 3340 facere
2317 3292 2436 3348 fieri,
2455 3294 2497 3340 &
2519 3294 2596 3354 figi

928 3361 977 3394 ut
1008 3350 1172 3398 dictum
1204 3349 1260 3396 eſt
1291 3359 1555 3404 teneantur,
1578 3353 1617 3394 &
1649 3350 1832 3400 debeant
1860 3350 1972 3396 infra
2005 3352 2264 3413 quindecim
2290 3353 2407 3408 dies,
2439 3367 2471 3406 a
2495 3352 2607 3408 die,
