1624 2418
191 500 264 549 JO.
290 496 713 540 BRVNNEMANNVS
719 497 761 548 in
765 497 866 548 libro
891 501 939 540 de
955 501 1038 550 jure

146 553 419 591 eccleſiaſtico.

190 603 566 652 JO.HENNINGIVS
579 600 878 643 BOEHMERVS
892 609 933 648 in
933 609 1037 649 Schil-

151 657 215 688 tero
234 655 391 700 illuſtrato
417 652 480 692 ſeu
502 655 755 700 Inſtitutionibus
780 657 874 699 Juris
897 655 1037 692 Canoni-

144 701 177 734 ci
195 704 279 742 Hal.
296 716 377 752 1712.
405 702 514 742 Idem
535 704 575 741 in
592 704 673 751 jure
683 702 935 744 eccleſiaſtico
945 706 1035 745 Pro-

145 756 360 798 teſtantium
371 757 459 801 Hal.
473 768 570 805 1720.
597 757 690 796 edit.
709 769 740 795 2.

523 827 556 868 §.
596 826 662 861 IX.

193 870 258 916 De
266 867 423 920 fontibus
443 870 579 914 hiſtoriæ
603 869 808 915 eccleſiaſticæ
831 870 1034 919 ſequentes

146 927 314 968 auctores
333 926 528 980 præcipue
546 927 621 979 legi
634 939 853 970 merentur:

195 982 523 1025 HIERONYMUS
543 984 585 1022 in
603 986 754 1028 Catalogo
771 982 966 1029 ſcriptorum
982 994 1035 1021 ec-

142 1029 393 1077 cleſiaſticorum,
415 1047 506 1074 cum
520 1030 625 1070 notis
635 1029 747 1069 variis
770 1029 902 1069 denuo
924 1031 1036 1072 edito

147 1070 241 1127 Lipſ.
258 1088 361 1126 1700.
380 1091 418 1125 4.
430 1098 451 1122 a
482 1091 651 1123 Gennadio
683 1080 804 1129 uſque
824 1086 868 1121 ad
891 1089 1036 1118 annum

147 1130 286 1176 Chriſti
315 1148 397 1186 495.
424 1134 463 1174 &
484 1147 607 1187 porro
633 1135 679 1175 ab
717 1136 834 1186 Iſidoro
861 1136 1041 1189 Hiſpalenſi

146 1190 390 1231 continuato.
426 1188 540 1239 Quos
562 1189 732 1230 auƈtores
749 1201 824 1229 una
847 1202 937 1229 cum
949 1190 1036 1244 plu-

144 1232 246 1276 ribus
258 1240 342 1279 aliis
356 1245 528 1281 eiusdem
547 1242 760 1288 argumenti
783 1241 1036 1290 ſcriptoribus

142 1300 383 1341 coniunƈtim
399 1300 580 1340 exhibuit
591 1297 660 1347 JO.
670 1299 770 1339 ALB.
787 1297 1037 1338 FABRICIUS

149 1332 189 1374 in
214 1347 410 1384 Bibliotheca
425 1346 627 1387 eccleſiaſtica
640 1346 830 1387 ſcriptorum
855 1347 1036 1388 eccleſiaſti-

142 1398 273 1443 corum,
290 1402 503 1443 Hamburgi
510 1403 609 1443 1718.
620 1402 688 1443 fol.

197 1451 453 1487 ROBERTUS
481 1451 823 1489 BELLARMINUS
850 1453 952 1489 libro
986 1457 1037 1492 de

146 1490 355 1539 ſcriptoribus
373 1501 603 1542 eccleſiaſticis,
646 1503 882 1543 continuato
895 1512 940 1542 ab
951 1513 1033 1544 An-

148 1547 232 1589 drea
247 1551 298 1590 du
318 1551 475 1596 Sauſſay.
486 1564 519 1596 4.
540 1552 721 1591 Coloniæ
739 1556 838 1595 1684.

196 1608 442 1650 PHILIPPUS
467 1612 671 1651 LABBEUS
695 1612 735 1649 in
758 1609 1036 1659 Diſſertationibus

147 1639 193 1681 de
203 1646 467 1701 ſcriproribus,
475 1662 577 1698 quos
593 1664 850 1698 Bellarminus
867 1662 993 1703 attigit
1001 1671 1034 1699 8.

146 1689 286 1739 Pariſiis
302 1715 401 1745 1660.

194 1756 263 1809 JO.
272 1762 501 1804 ANDREAS
513 1762 678 1805 BOSIUS
688 1761 727 1803 in
731 1764 966 1810 ſchediasmate
982 1759 1034 1803 de

144 1794 403 1859 Comparanda
417 1817 557 1852 notitia
573 1811 806 1853 ſcriptorum
815 1817 1034 1851 eccleſiaſti-

146 1851 277 1909 corum
284 1860 364 1910 Jen.
380 1875 474 1910 1673.
486 1885 522 1909 4.

195 1913 262 1960 JO.
284 1921 576 1962 GOTTFRIED
600 1915 846 1963 OLEARIUS
862 1915 903 1961 in
912 1922 1033 1960 Biblio-

140 1933 235 1996 theca
241 1968 432 2006 ſcriptorum
440 1976 731 2010 eccleſiaſticorum,
739 1977 778 2020 4.
786 1969 890 2017 Jenæ
901 1986 979 2017 1711.
984 1987 1033 2017 ex

149 1991 273 2060 Abaco
289 2029 539 2066 patrologico
552 2029 743 2069 confeƈta.
