1735 2571
608 554 648 587 &
677 554 872 594 relaxatio
889 554 1157 601 muſculorum
1183 569 1259 614 per
1283 560 1504 610 breviſſima

605 621 755 682 ſpatia,
789 626 866 671 ſine
884 628 990 675 ſenſu
1014 638 1132 679 acuto
1144 633 1317 698 frigoris.

991 750 1131 807 Differt

606 830 638 875 I.
668 845 693 874 a
716 828 913 893 Paralyſi,
946 839 1048 889 quod
1071 852 1145 881 mox
1167 843 1359 901 reſuſcitetur
1383 849 1508 903 muſculi

601 899 768 955 tenſio.

603 950 661 998 II.
690 969 715 996 a
734 950 919 1015 Spaſmo,
947 957 1018 1004 vel
1033 965 1189 1015 tetano,
1209 968 1298 1019 quod
1312 971 1435 1023 muſculi
1442 981 1507 1013 ten-

652 1014 743 1063 ſioni
761 1028 834 1054 mox
843 1018 993 1070 ſuccedat
1014 1021 1147 1062 laxatio.

602 1065 677 1116 III.
711 1083 736 1112 a
754 1056 1030 1127 Convulſione
1046 1068 1100 1132 per
1110 1074 1301 1123 violentiam
1320 1086 1506 1129 contractio-

663 1140 730 1176 nis,
761 1128 802 1169 &
820 1138 879 1181 per
886 1131 1016 1185 ſpatia;
1055 1148 1111 1176 nec
1136 1140 1167 1178 in
1185 1142 1267 1180 omni
1284 1150 1419 1185 tremore
1425 1156 1505 1198 pars

656 1190 753 1237 Iibere
786 1190 910 1228 elevata
929 1191 1059 1232 alternis
1087 1194 1211 1236 vicibus
1233 1199 1358 1251 proprio
1368 1201 1505 1253 pondere

657 1249 861 1295 deprimitur,
885 1248 947 1298 ſed
980 1253 1069 1300 viget
1094 1255 1188 1291 etiam
1215 1259 1333 1299 tremor
1365 1261 1395 1297 in
1430 1251 1504 1300 artu

645 1316 830 1371 ſuſtentato.

595 1347 678 1412 IV.
709 1364 753 1392 in
768 1364 923 1409 Rigore
940 1351 1077 1418 febrili,
1095 1355 1144 1417 eſt
1162 1340 1265 1420 ſenſus
1277 1340 1428 1425 acutiſſimi
1434 1375 1502 1421 fri-

652 1432 763 1477 goris,
794 1432 931 1488 cutisque
942 1436 1138 1486 corrugatio
1144 1438 1296 1491 ſubita.

985 1535 1130 1604 Species

667 1631 703 1671 I.
740 1640 764 1670 a
786 1623 952 1675 Plethora
967 1629 1074 1692 (t),
1103 1647 1150 1678 ex
1162 1631 1259 1700 facie
1283 1623 1417 1691 rubra,
1441 1653 1499 1684 ar-

595 1708 785 1740 teriarum
800 1702 1068 1761 plenitudine,
1098 1695 1311 1770 ſuppreſſis
1340 1711 1496 1772 evacua-

596 1778 794 1818 tionibus,
820 1775 1015 1829 ſignisque
1029 1781 1116 1817 aliis
1139 1774 1335 1840 plethoræ
1350 1790 1496 1851 cogno-

595 1857 806 1909 ſcenda.

1362 1927 1432 1993 II.

598 2079 659 2124 (t)
685 2081 750 2117 tale
759 2083 946 2130 exemplum
955 2077 991 2123 in
1003 2088 1163 2139 Stymargi
1178 2091 1290 2132 famula
1313 2097 1403 2145 Hipp.
1413 2100 1493 2137 libro

646 2145 694 2180 II.
709 2142 826 2190 Popul.
839 2144 915 2190 ſect.
918 2149 991 2189 IV.
