2224 2636
947 1017 978 1055 §.
1032 1025 1062 1054 I.

289 1081 557 1393 I

577 1103 663 1141 Nter
690 1100 825 1141 clinices
845 1107 1052 1146 tormenta,
1078 1103 1111 1141 &
1130 1101 1382 1144 caneſcentium
1404 1108 1440 1143 in
1460 1115 1530 1144 arte
1555 1116 1729 1154 magiſtro-

598 1158 676 1183 rum
698 1145 913 1193 ſagacitatem
936 1148 1019 1196 ſæpe
1048 1151 1242 1193 eludentia,
1280 1153 1412 1191 dudum
1433 1156 1550 1192 locatæ
1571 1160 1663 1193 fuere
1683 1164 1729 1194 ſic

599 1200 695 1236 diƈtæ
726 1199 992 1245 epidemicorum
1030 1203 1233 1241 morborum
1269 1204 1553 1247 conſtitutiones,
1588 1220 1629 1242 ex
1656 1216 1732 1252 qui-

596 1249 661 1284 bus
687 1246 766 1285 ſane
785 1248 935 1294 peſſimæ
963 1249 1184 1302 dijudicatu,
1197 1250 1401 1292 difficilimæ
1419 1262 1538 1292 curatu
1565 1257 1630 1291 illæ
1653 1267 1729 1300 pro-

596 1292 747 1331 nuntiari
770 1302 967 1337 merentur,
993 1295 1052 1333 ubi
1070 1295 1241 1342 ſanguinis
1257 1298 1475 1337 craſſamento
1495 1307 1602 1346 putris
1624 1310 1731 1348 aſper-

596 1337 686 1382 gitur
705 1339 806 1379 labes.
858 1341 1012 1382 Climatis
1042 1342 1228 1389 ſiquidem,
1262 1347 1471 1389 aliarumque
1495 1356 1728 1390 potentiarum

596 1385 839 1426 nocentium,
874 1398 919 1424 ne
943 1389 1052 1425 dicam
1081 1389 1332 1432 ſeminiorum,
1370 1399 1454 1428 mira
1480 1399 1535 1429 hic
1560 1403 1730 1440 varietas;

272 1409 526 1450 machaonum,
550 1439 611 1470 pro
631 1435 742 1474 gentis
769 1432 982 1474 diſcrimine,
1009 1435 1079 1486 aliis
1104 1438 1260 1473 remediis
1279 1441 1550 1479 dimicantium,
1586 1449 1729 1477 diverſa-

274 1466 340 1497 que
367 1461 529 1494 methodo
555 1463 665 1495 notati
686 1466 767 1496 mali
792 1468 904 1498 ideam
928 1473 1111 1507 poſteritati
1133 1486 1341 1525 tradentium
1373 1490 1560 1533 diſcrepans
1582 1496 1725 1531 genius;

273 1506 313 1528 ac
332 1496 478 1538 denique
503 1499 730 1541 malignorum
751 1507 939 1537 furentium
962 1518 1163 1556 morborum
1189 1521 1257 1561 fere
1277 1522 1406 1569 ſemper
1420 1536 1513 1568 nova
1533 1531 1633 1571 facies
1648 1550 1721 1580 rem

272 1541 359 1573 adeo
381 1552 450 1574 non
462 1538 692 1582 confeƈtam,
729 1555 976 1598 ſtabilitamque
1000 1566 1087 1599 circa
1107 1568 1303 1604 condendas
1324 1576 1432 1611 certas
1458 1576 1725 1624 epidemicorum

272 1582 427 1624 putrium
449 1583 555 1620 claſſes
576 1594 745 1630 arguunt,
771 1603 856 1630 quin
879 1608 973 1640 nova
996 1608 1123 1646 denuo,
1143 1611 1176 1647 &
1196 1612 1233 1653 in
1249 1614 1365 1651 eadem
1376 1617 1647 1669 athmoſphæra,
1668 1644 1726 1675 re-

272 1622 445 1669 pullulans
464 1629 662 1664 conſtitutio
685 1644 838 1684 recentes
859 1648 900 1679 de
921 1650 1002 1684 mali
1027 1651 1155 1692 ſpecie,
1192 1662 1232 1693 ac
1249 1656 1457 1699 ſuſcipienda
1473 1671 1606 1705 medela
1635 1682 1732 1714 exci-

272 1676 323 1705 tet
343 1668 437 1708 lites,
464 1680 547 1712 quas
571 1681 777 1715 componere
807 1693 852 1710 ne
874 1686 1146 1734 acutiſſimorum
1165 1695 1202 1738 in
1225 1696 1389 1737 poteſtate
1407 1700 1525 1747 ſæpius
1547 1709 1604 1755 eſt.

940 1799 971 1839 §.
1018 1809 1053 1835 2.

375 1877 502 1919 Militat
531 1876 620 1916 inter
648 1877 754 1924 hujus
786 1878 903 1917 farinæ
931 1883 1016 1918 mala
1049 1885 1103 1919 illa
1126 1887 1302 1928 ſingularis
1327 1902 1527 1922 morborum
1555 1920 1703 1932 putrium,

269 1924 493 1971 utplurimum
525 1925 707 1970 epidemice
732 1935 871 1968 furens,
903 1939 967 1964 nec
1000 1939 1060 1964 ulli
1092 1941 1184 1965 ætati
1213 1945 1373 2001 parcens,
1410 1951 1555 2011 ſpecies,
1583 1976 1627 2011 in
1658 1983 1723 2022 qua

268 1972 405 2013 quidem
428 1971 534 2019 putris
568 1970 699 2018 ſqualor
719 1978 786 2013 toti
820 1974 926 2015 maſſæ
956 1976 1145 2016 humorum
1170 1986 1368 2018 innidulans
1388 2008 1501 2019 veram
1525 2017 1664 2028 malignam,

264 2018 428 2062 Synocho
445 2026 543 2055 putri
566 2026 678 2063 quoad
709 2024 844 2066 genium
869 2023 1123 2084 accedentem,
1163 2059 1392 2096 remittentis,
1427 2059 1534 2092 rarius
1554 2061 1724 2095 intermit-

266 2069 369 2105 tentis
387 2070 476 2116 typi,
504 2067 629 2107 febrem
653 2070 827 2112 accendit,
853 2082 930 2117 quæ
942 2079 1059 2109 tamen
1078 2084 1214 2113 tumore
1235 2092 1357 2124 pejoris
1381 2102 1525 2145 indolis,
1543 2117 1594 2151 ac
1625 2112 1679 2117 eſcha-

266 2118 399 2161 rotica,
439 2118 528 2157 fœda
553 2119 833 2163 exulceratione,
867 2121 911 2158 ad
934 2122 989 2160 illa
1010 2128 1142 2171 præciſe
1170 2135 1393 2174 reſpirationis
1421 2151 1453 2164 &
1488 2153 1722 2175 deglutitionis

267 2162 403 2201 mucoſa
427 2175 574 2210 organa,
601 2177 676 2211 quæ
690 2164 823 2211 Angina
846 2164 955 2213 ſpuria
976 2175 1168 2209 catarrhalis
1190 2189 1296 2218 vulgo
1319 2203 1524 2239 prehendit,
1550 2203 1653 2241 preſſo
1666 2213 1717 2247 pe,

263 2195 305 2232 de
325 2211 367 2236 ex
390 2205 519 2248 propria
541 2214 664 2240 natura
685 2209 881 2251 excipitur,
921 2221 978 2249 per
997 2223 1192 2273 metaſtaſin
1214 2233 1509 2286 ſymptomaticam
1526 2244 1600 2288 huc
1621 2256 1720 2293 verſi-

262 2241 396 2290 ſeptici,
429 2252 599 2288 ſemicoƈti
624 2259 784 2292 fomitis,
825 2262 1153 2324 inflammationem,
1190 2290 1228 2324 ac
1251 2292 1327 2326 dein
1346 2292 1518 2334 diabroſin
1545 2297 1716 2342 ichoroſo-

264 2297 527 2343 gangrænoſam,
544 2303 741 2350 ſerpentem
758 2310 948 2344 excitantis,
971 2324 1142 2352 progenie.
