2469 3083
357 662 491 704 poetae
514 657 666 713 poſſunt
679 663 759 717 vti,
783 667 995 711 oratoribus
1011 684 1088 711 non
1105 678 1331 721 conceditur.
1394 687 1661 738 Maximopere
1676 709 1769 730 vero

356 710 520 757 adulatio
539 717 589 758 eſt
605 717 810 773 fugienda,
829 738 925 774 quae
944 739 1009 767 eos
1023 728 1206 778 celebrat,
1232 749 1299 782 qui
1319 746 1446 786 potius
1463 749 1545 780 ſunt
1558 755 1771 796 vituperan-

356 768 406 818 di,
420 784 456 810 et
469 771 666 826 iniquitas,
688 791 784 830 quae
807 786 893 823 illos
911 786 1168 841 reprehendit,
1197 797 1262 840 qui
1284 798 1319 833 in
1339 811 1476 846 magna
1497 809 1607 841 laude
1623 816 1769 846 viuunt.

354 823 512 881 Quibus
527 832 765 876 cautionibus
784 844 944 880 omnino
961 841 1165 885 neceſſariis
1180 849 1366 890 ſimulatio
1382 866 1531 904 quoties
1542 871 1768 910 conrinetur,

352 897 434 926 non
448 888 574 940 video,
589 905 669 943 quo
680 898 789 947 pacto
803 901 841 940 in
859 901 941 942 vitii
955 902 1145 946 cenſuram
1158 905 1345 950 incurrere
1355 921 1473 963 poſſit.
1506 925 1628 972 Quod
1639 929 1663 973 ſi
1679 934 1766 973 quis

352 944 576 1000 exemplum
600 954 763 1007 poſtulat
781 957 1028 1003 ſimulationis
1043 963 1303 1018 ſanctiſlimae,
1335 975 1379 1009 ad
1400 975 1627 1016 intuendum
1650 998 1765 1030 atque

347 989 607 1056 imitandum,
622 1010 656 1042 ei
674 1013 881 1049 Seruatoris
901 1027 989 1050 cum
1006 1015 1198 1066 diſcipulis
1214 1019 1447 1084 Emaunticis
1466 1036 1535 1080 iter
1556 1041 1595 1084 in
1616 1054 1766 1094 memo-

349 1052 444 1096 riam
466 1071 700 1106 reuocamus.
757 1072 845 1109 Nos
862 1073 1017 1122 quidem
1037 1087 1114 1113 non
1131 1073 1257 1128 fugit,
1294 1080 1402 1122 fuiſſe
1425 1097 1658 1138 nonnullos,
1694 1105 1763 1141 qui

350 1106 388 1148 in
409 1118 589 1156 conuiciis
619 1129 788 1163 numinis
810 1130 930 1165 diuini
943 1141 1149 1180 ponerent,
1172 1134 1257 1174 Deo
1278 1135 1558 1181 ſimulationem
1580 1156 1759 1187 tribuere.

347 1172 421 1211 Sed
436 1174 532 1213 hanc
558 1179 778 1222 ſententiam
801 1186 827 1220 ii
845 1186 1006 1234 fouent,
1053 1187 1120 1237 qui
1143 1190 1448 1246 explorationem
1477 1204 1690 1244 Abrahami
1706 1216 1760 1266 ſe-

347 1241 432 1271 cum
456 1233 581 1277 minus
598 1249 789 1293 reputent,
808 1256 881 1294 qua
898 1247 1005 1288 Deus
1018 1248 1087 1291 filii
1101 1250 1200 1295 vnici
1215 1266 1346 1296 necem
1368 1259 1586 1312 mandauit,
1615 1278 1695 1304 non
1707 1281 1755 1308 ex

346 1280 463 1326 animi
478 1288 678 1338 ſententia,
705 1304 779 1341 qua
801 1296 925 1338 voluit
945 1311 1033 1341 eum
1057 1314 1112 1342 tot
1129 1308 1365 1360 poſterorum
1388 1329 1581 1363 prentem
1599 1325 1755 1372 ſeruari,

341 1336 422 1396 ſed,
440 1360 480 1387 vt
491 1350 652 1391 ſanctior
668 1351 789 1391 codex
807 1351 885 1404 ipſe
902 1355 984 1397 ſatis
1001 1359 1153 1412 indicat,
1172 1369 1216 1403 ad
1230 1370 1344 1427 fidem
1361 1379 1440 1409 eius
1454 1381 1754 1426 periclitandam.

341 1398 463 1446 Lucae
486 1406 611 1448 verbis
642 1408 736 1463 quid
761 1411 903 1469 clarius
903 1418 980 1471 h),
1026 1423 1093 1461 vbi
1120 1430 1283 1466 verbum
1323 1448 1566 1487 πϱοτποιϵ̃ιϑαϳ
1586 1445 1752 1489 adhibet,

336 1466 445 1514 quod
464 1468 515 1510 eſt
542 1466 791 1517 ſimulationis
819 1484 1051 1533 proprium,
1084 1484 1173 1526 ſicut
1206 1501 1215 1527 e
1237 1490 1492 1546 Theophraſti
1523 1501 1753 1544 Characteri-

333 1517 407 1561 bus
427 1519 469 1572 i),
454 1520 684 1576 luculenter
702 1541 877 1582 apparet,
903 1551 990 1575 cum
1011 1545 1057 1577 de
1075 1547 1344 1603 diſſimulatore
1366 1559 1467 1595 agit,
1491 1568 1669 1617 quamuis
1686 1570 1751 1617 ille

333 1572 613 1624 ſimulationem
637 1586 916 1632 fraudulentam
939 1600 1147 1647 deſcribat,
1176 1610 1193 1639 ἡ
1218 1613 1355 1653 ϵἰϱωνϵία
1388 1620 1503 1673 δόξϵιεν
1524 1621 1562 1672 ἂν
1583 1624 1677 1676 ϵἶναϳ,
1707 1631 1748 1678 ὡς

330 1637 425 1687 τύπῳ
443 1643 577 1694 λαβϵῖν,
609 1649 846 1701 πϱοτπόιησις,
864 1655 922 1705 ἐπὶ
937 1660 1064 1719 χϵῖϱον,
1093 1666 1243 1709 πϱάξεων
1262 1672 1322 1728 ϰαϳ
1336 1674 1452 1713 λόγων.
1512 1679 1644 1724 Quare
1661 1686 1746 1737 bre-

330 1689 428 1739 uiter
460 1694 674 1754 Heſychius
706 1717 742 1742 et
770 1711 868 1746 recte
908 1721 1137 1759 πϱοσποιϵῖταϳ
1167 1735 1255 1778 cum
1282 1733 1516 1793 χηματίζεταϳ
1543 1749 1746 1799 permutat.

330 1748 439 1805 Quid
457 1754 630 1809 pluribus
642 1771 754 1810 opus.
780 1768 1003 1818 Inuenuſtos
1020 1776 1251 1829 aduerſarios
1273 1799 1403 1841 rerum
1420 1794 1631 1845 teſtimonia
1644 1800 1742 1850 fran-

326 1820 430 1858 gant.
517 1819 617 1857 Tota
639 1819 743 1860 enim
765 1824 928 1866 vindicis
949 1841 1064 1875 noſtri
1088 1850 1184 1882 ratio
1200 1845 1310 1884 ponit
1340 1847 1378 1898 in
1393 1870 1615 1901 numerato,
1645 1868 1739 1907 eum

324 1860 563 1907 ſimulatione
585 1870 754 1912 maluiſſe
771 1877 975 1924 diſcipulos
997 1891 1043 1937 ad
1059 1891 1253 1942 ſanitatem
1280 1911 1482 1952 reuocare,
1518 1920 1634 1959 quam
1651 1924 1738 1966 pro-

320 1918 476 1966 feſſione
494 1923 615 1966 ſubita
630 1927 807 1972 veritatis.
867 1938 976 1974 Nam
994 1943 1115 1978 ſtatim
1134 1951 1181 1979 ab
1199 1953 1327 1993 initio,
1360 1969 1448 2002 cum
1472 1965 1518 2008 ad
1541 1965 1629 2011 ſuos
1649 1979 1733 2023 pro-

322 1975 409 2029 pius
433 1981 635 2035 accederet,
657 1984 769 2029 aliam
785 1990 957 2041 formam
973 1993 1122 2047 induit,
1152 2014 1194 2040 vt
1217 2008 1369 2055 Marcus
1390 2012 1423 2059 ᵏ)
1451 2017 1582 2050 auctor
1598 2024 1665 2062 eſt,
1682 2034 1731 2055 ne

322 2037 433 2081 amici
451 2040 622 2097 vultum,
651 2044 720 2088 ſibi
741 2048 996 2105 notiſlimum,
1034 2055 1155 2098 ſtatim
1183 2063 1438 2115 agnoſcerent.
1516 2072 1607 2112 Inde
1631 2080 1728 2114 ſum-

318 2107 382 2138 ma
398 2098 594 2145 ſeruatoris
609 2102 787 2159 ſapientia
806 2108 939 2155 elucet.
1007 2116 1114 2158 Nam
1132 2117 1157 2159 ſi
1180 2129 1276 2161 mox
1296 2133 1426 2166 veram
1442 2126 1603 2179 ſpeciem
1623 2149 1726 2183 prae-

316 2152 469 2210 buiſſet,
498 2154 666 2216 ipſorum
697 2161 847 2208 fuiſſent
863 2167 983 2212 animi
1000 2168 1264 2220 vehementius
1282 2186 1510 2234 perturbati,
1549 2208 1664 2238 quam
1686 2213 1729 2231 vt

315 2227 538 2271 argumenta
554 2223 832 2273 reſurrectionis
848 2230 932 2275 ſatis
948 2233 1225 2291 perſpicerent,
1241 2241 1349 2294 quod
1370 2243 1478 2289 facile
1500 2258 1658 2303 cognitu
1673 2263 1725 2295 eſt

316 2285 364 2314 ex
376 2289 409 2315 v.
434 2290 498 2329 37.
516 2279 630 2322 huius
649 2283 782 2338 capitis
792 2289 923 2332 Lucae.
958 2290 1000 2330 In
1019 2303 1137 2347 quem
1157 2295 1260 2339 enim
1277 2299 1412 2343 ſtatum
1433 2313 1655 2360 conſpectus
1668 2321 1720 2351 Ie-

308 2320 354 2360 ſu
372 2323 518 2381 legatos
532 2333 704 2385 redegit?
734 2347 878 2391 pauore
892 2353 934 2381 ac
948 2342 1087 2385 timore
1101 2354 1370 2406 complentur,
1399 2366 1664 2409 ſpectrumque
1681 2376 1719 2399 ſe

1009 2422 1048 2453 D

1630 2460 1719 2489 con-

391 2480 425 2528 h)
450 2496 523 2532 cap.
538 2476 598 2537 24,
614 2498 729 2541 28.
729 2498 796 2543 i)
823 2507 894 2544 cap.
919 2518 946 2545 I.
1040 2501 1069 2547 ᵏ)
1094 2512 1166 2552 cap.
1194 2520 1247 2558 16,
1266 2524 1323 2553 12.
