<PcGts xmlns="http://schema.primaresearch.org/PAGE/gts/pagecontent/2019-07-15" xmlns:xsi="http://www.w3.org/2001/XMLSchema-instance" pcGtsId="PAGE_01" xsi:schemaLocation="http://schema.primaresearch.org/PAGE/gts/pagecontent/2019-07-15 http://schema.primaresearch.org/PAGE/gts/pagecontent/2019-07-15/pagecontent.xsd">
  <Metadata>
    <Creator>OCR-D DFG Phase III</Creator>
    <Created>2024-01-19T13:08:05Z</Created>
    <LastChange>2024-01-19T13:08:05Z</LastChange>
    <Comments>ODEM: OCR-D extension for mass digitization (2021-2024)</Comments>
  </Metadata>
  <Page imageFilename="https://opendata.uni-halle.de/retrieve/2eea353c-bfef-4026-825f-3ead5c667c64/00000054.jpg" imageWidth="1555" imageHeight="2436" type="content" primaryLanguage="Latin">
    <Border>
      <Coords points="175,201 141,2313 1427,2339 1468,209"/>
    </Border>
    <ReadingOrder>
      <OrderedGroup id="ro_1681294557370" caption="Regions reading order">
        <RegionRefIndexed index="0" regionRef="TextRegion_1670917039158_497"/>
        <RegionRefIndexed index="1" regionRef="TextRegion_1670917039158_496"/>
        <RegionRefIndexed index="2" regionRef="region0009"/>
        <RegionRefIndexed index="3" regionRef="region0010"/>
        <RegionRefIndexed index="4" regionRef="TextRegion_1670917091729_508"/>
        <RegionRefIndexed index="5" regionRef="TextRegion_1670917091729_507"/>
      </OrderedGroup>
    </ReadingOrder>
    <TextRegion orientation="-1.084095" type="page-number" readingDirection="left-to-right" id="TextRegion_1670917039158_497" custom="readingOrder {index:0;} structure {type:page-number;}">
      <Coords points="472,320 658,320 658,373 472,373"/>
      <TextLine id="line_1670917039211_500" custom="readingOrder {index:0;}">
        <Coords points="472,320 598,321 600,326 658,326 658,359 594,358 591,368 587,371 472,372"/>
        <Baseline points="472,360 594,360 658,360"/>
        <Word id="region0008_line0001_word0000" custom="readingOrder {index:0;}">
          <Coords points="478,323 525,324 524,368 477,367"/>
          <TextEquiv conf="0.9282402">
            <Unicode>38</Unicode>
          </TextEquiv>
        </Word>
        <TextEquiv conf="0.5884887">
          <Unicode>38</Unicode>
        </TextEquiv>
      </TextLine>
      <TextEquiv>
        <Unicode>38 i c A P U T II</Unicode>
      </TextEquiv>
    </TextRegion>
    <TextRegion orientation="-1.084095" type="header" readingDirection="left-to-right" id="TextRegion_1670917039158_496" custom="readingOrder {index:1;} structure {type:header;}">
      <Coords points="658,320 1087,320 1087,373 658,373"/>
      <TextLine id="line_1670917039211_499" custom="readingOrder {index:0;}">
        <Coords points="658,326 844,330 978,329 998,322 1022,321 1087,322 1086,373 753,370 712,367 706,360 658,359"/>
        <Baseline points="658,360 706,360 901,359 1086,367"/>
        <Word id="word_1670917119976_519" custom="readingOrder {index:0;}">
          <Coords points="783,338 849,339 940,342 987,344 986,367 961,367 802,362 782,361"/>
          <TextEquiv>
            <Unicode>CAPUT</Unicode>
          </TextEquiv>
        </Word>
        <Word id="region0008_line0001_word0007" custom="readingOrder {index:1;}">
          <Coords points="1035,335 1083,336 1082,372 1034,371"/>
          <TextEquiv>
            <Unicode>II.</Unicode>
          </TextEquiv>
        </Word>
        <TextEquiv>
          <Unicode>CAPUT II.</Unicode>
        </TextEquiv>
      </TextLine>
      <TextEquiv>
        <Unicode>CAPUT II.</Unicode>
      </TextEquiv>
    </TextRegion>
    <TextRegion orientation="-1.084095" readingDirection="left-to-right" id="region0009" custom="readingOrder {index:2;}">
      <Coords points="457,386 1389,386 1386,1196 454,1196"/>
      <TextLine id="region0009_line0001" custom="readingOrder {index:0;}">
        <Coords points="872,386 837,387 829,393 820,394 804,394 802,387 730,387 728,391 722,392 713,392 712,387 668,386 667,390 457,386 457,422 490,423 498,427 555,428 578,424 609,427 635,425 641,429 668,430 682,435 707,431 796,435 802,430 818,435 983,436 990,441 1004,442 1011,438 1046,439 1173,442 1201,446 1206,444 1259,444 1265,441 1274,441 1286,446 1299,443 1347,445 1353,448 1389,448 1389,414 1376,412 1373,405 1367,401 1355,402 1350,409 1266,407 1262,398 1247,394 1144,394 1130,403 981,399 979,393 972,388 960,388 948,398 921,397 919,392 912,388"/>
        <Baseline points="457,414 1389,438"/>
        <Word id="region0009_line0001_word0000" custom="readingOrder {index:0;}">
          <Coords points="476,394 550,395 549,417 475,416"/>
          <TextEquiv conf="0.9087422">
            <Unicode>tunt</Unicode>
          </TextEquiv>
        </Word>
        <Word id="region0009_line0001_word0001" custom="readingOrder {index:1;}">
          <Coords points="563,397 668,399 667,419 562,417"/>
          <TextEquiv conf="0.89529777">
            <Unicode>contra</Unicode>
          </TextEquiv>
        </Word>
        <Word id="region0009_line0001_word0002" custom="readingOrder {index:2;}">
          <Coords points="679,390 678,429 735,430 736,391 728,391 728,391 722,392 713,392 713,391"/>
          <TextEquiv>
            <Unicode>Jac.</Unicode>
          </TextEquiv>
        </Word>
        <Word id="region0009_line0001_word0003" custom="readingOrder {index:3;}">
          <Coords points="759,393 783,394 782,429 758,428"/>
          <TextEquiv conf="0.81051165">
            <Unicode>I,</Unicode>
          </TextEquiv>
        </Word>
        <Word id="region0009_line0001_word0004" custom="readingOrder {index:4;}">
          <Coords points="797,404 832,404 831,430 796,430"/>
          <TextEquiv>
            <Unicode>17.</Unicode>
          </TextEquiv>
        </Word>
        <Word id="region0009_line0001_word0005" custom="readingOrder {index:5;}">
          <Coords points="871,395 870,425 937,426 937,397 921,397 920,395"/>
          <TextEquiv conf="0.8853375">
            <Unicode>Nec</Unicode>
          </TextEquiv>
        </Word>
        <Word id="region0009_line0001_word0006" custom="readingOrder {index:6;}">
          <Coords points="952,395 951,434 1089,436 1089,401 981,399 979,395"/>
          <TextEquiv conf="0.91122466">
            <Unicode>ſequitur</Unicode>
          </TextEquiv>
        </Word>
        <Word id="region0009_line0001_word0007" custom="readingOrder {index:7;}">
          <Coords points="1101,431 1150,431 1151,400 1134,400 1130,403 1101,402"/>
          <TextEquiv conf="0.92293334">
            <Unicode>vel</Unicode>
          </TextEquiv>
        </Word>
        <Word id="region0009_line0001_word0008" custom="readingOrder {index:8;}">
          <Coords points="1166,401 1203,401 1202,440 1165,440"/>
          <TextEquiv>
            <Unicode>(1)</Unicode>
          </TextEquiv>
        </Word>
        <Word id="region0009_line0001_word0009" custom="readingOrder {index:9;}">
          <Coords points="1218,401 1217,432 1284,433 1284,407 1266,407 1263,401"/>
          <TextEquiv conf="0.8842919">
            <Unicode>Deo</Unicode>
          </TextEquiv>
        </Word>
        <Word id="region0009_line0001_word0010" custom="readingOrder {index:10;}">
          <Coords points="1354,403 1350,409 1297,407 1297,433 1384,435 1384,413 1376,412 1373,405 1371,403"/>
          <TextEquiv conf="0.88682675">
            <Unicode>attri-</Unicode>
          </TextEquiv>
        </Word>
        <TextEquiv>
          <Unicode>tunt contra Jac. I, 17. Nec ſequitur vel (1) Deo attri-</Unicode>
        </TextEquiv>
      </TextLine>
      <TextLine id="region0009_line0002" custom="readingOrder {index:1;}">
        <Coords points="578,425 555,429 498,428 490,424 457,423 457,466 578,468 607,463 616,468 627,465 641,469 670,470 702,468 717,471 757,472 763,469 784,470 791,474 831,475 884,476 907,472 912,473 918,483 931,481 937,476 952,477 965,473 998,478 1008,474 1019,474 1027,480 1037,482 1078,481 1104,487 1141,479 1177,483 1191,481 1199,485 1224,481 1231,485 1285,487 1292,484 1327,484 1347,489 1354,486 1388,490 1389,453 1354,451 1347,446 1331,445 1283,447 1274,442 1265,442 1257,447 1201,447 1173,443 1151,446 1011,439 1004,443 990,442 984,438 818,436 802,431 796,436 707,432 682,436 668,431 641,430 635,426 617,428"/>
        <Baseline points="457,456 1388,480"/>
        <Word id="region0009_line0002_word0000" custom="readingOrder {index:0;}">
          <Coords points="479,429 554,430 554,460 479,459"/>
          <TextEquiv>
            <Unicode>buta</Unicode>
          </TextEquiv>
        </Word>
        <Word id="region0009_line0002_word0001" custom="readingOrder {index:1;}">
          <Coords points="575,431 603,431 603,459 575,459"/>
          <TextEquiv conf="0.85373545">
            <Unicode>&amp;</Unicode>
          </TextEquiv>
        </Word>
        <Word id="region0009_line0002_word0002" custom="readingOrder {index:2;}">
          <Coords points="617,431 617,460 738,463 738,434 700,433 682,436 671,432"/>
          <TextEquiv conf="0.9127269">
            <Unicode>decreta</Unicode>
          </TextEquiv>
        </Word>
        <Word id="region0009_line0002_word0003" custom="readingOrder {index:3;}">
          <Coords points="798,433 796,436 750,433 750,464 829,465 829,436 818,436 810,433"/>
          <TextEquiv conf="0.90142596">
            <Unicode>varia</Unicode>
          </TextEquiv>
        </Word>
        <Word id="region0009_line0002_word0004" custom="readingOrder {index:4;}">
          <Coords points="1046,479 1047,445 848,441 847,475 885,475 907,472 912,473 914,476 936,476 937,476 952,477 965,473 998,478 1008,474 1019,474 1025,478"/>
          <TextEquiv conf="0.86424345">
            <Unicode>competunt,</Unicode>
          </TextEquiv>
        </Word>
        <Word id="region0009_line0002_word0005" custom="readingOrder {index:5;}">
          <Coords points="1069,447 1141,448 1140,479 1068,478"/>
          <TextEquiv conf="0.9070916">
            <Unicode>ergo</Unicode>
          </TextEquiv>
        </Word>
        <Word id="region0009_line0002_word0006" custom="readingOrder {index:6;}">
          <Coords points="1161,472 1248,473 1248,447 1201,447 1173,443 1161,444"/>
          <TextEquiv conf="0.8946413">
            <Unicode>datur</Unicode>
          </TextEquiv>
        </Word>
        <Word id="region0009_line0002_word0007" custom="readingOrder {index:7;}">
          <Coords points="1265,443 1264,474 1296,474 1296,446 1283,447 1275,443"/>
          <TextEquiv conf="0.89316016">
            <Unicode>in</Unicode>
          </TextEquiv>
        </Word>
        <Word id="region0009_line0002_word0008" custom="readingOrder {index:8;}">
          <Coords points="1311,446 1310,477 1382,478 1382,452 1354,451 1347,446"/>
          <TextEquiv conf="0.92802155">
            <Unicode>Deo</Unicode>
          </TextEquiv>
        </Word>
        <TextEquiv>
          <Unicode>buta &amp; decreta varia competunt, ergo datur in Deo</Unicode>
        </TextEquiv>
      </TextLine>
      <TextLine id="region0009_line0003" custom="readingOrder {index:2;}">
        <Coords points="599,464 584,470 457,469 458,507 501,508 535,504 545,512 559,512 566,503 577,504 586,508 677,512 703,508 711,513 742,515 789,516 795,512 817,512 822,515 850,514 856,518 877,513 885,513 891,518 918,518 928,513 953,514 958,517 992,518 996,515 1007,515 1014,519 1048,520 1063,516 1070,521 1080,522 1107,523 1114,519 1168,521 1179,522 1191,528 1205,526 1315,528 1327,524 1353,530 1388,530 1389,497 1373,495 1372,491 1365,488 1347,490 1339,486 1315,485 1292,485 1285,488 1232,487 1224,482 1214,482 1200,487 1191,482 1177,484 1141,480 1104,488 1078,482 1037,483 1027,481 1019,475 1008,475 1001,479 965,474 918,484 912,474 907,473 898,475 895,480 853,479 793,476 784,471 763,470 757,473 717,472 712,469 642,471 634,466 616,469 607,464"/>
        <Baseline points="458,497 1389,520"/>
        <Word id="region0009_line0003_word0000" custom="readingOrder {index:0;}">
          <Coords points="585,470 584,470 476,469 476,507 501,508 535,504 541,509 561,509 566,503 577,504 586,508 645,511 672,511 672,471 652,471 642,471 641,471"/>
          <TextEquiv conf="0.86638534">
            <Unicode>compoſitio:</Unicode>
          </TextEquiv>
        </Word>
        <Word id="region0009_line0003_word0001" custom="readingOrder {index:1;}">
          <Coords points="693,473 693,504 850,507 850,478 793,476 790,474"/>
          <TextEquiv conf="0.91808057">
            <Unicode>Attributa</Unicode>
          </TextEquiv>
        </Word>
        <Word id="region0009_line0003_word0002" custom="readingOrder {index:2;}">
          <Coords points="897,475 895,480 863,479 863,506 945,508 945,478 918,484 913,476"/>
          <TextEquiv conf="0.9134627">
            <Unicode>enim</Unicode>
          </TextEquiv>
        </Word>
        <Word id="region0009_line0003_word0003" custom="readingOrder {index:3;}">
          <Coords points="962,478 990,478 990,507 962,507"/>
          <TextEquiv conf="0.90550333">
            <Unicode>&amp;</Unicode>
          </TextEquiv>
        </Word>
        <Word id="region0009_line0003_word0004" custom="readingOrder {index:4;}">
          <Coords points="1003,478 1003,510 1124,512 1124,483 1104,488 1078,482 1037,483 1027,481 1023,478"/>
          <TextEquiv conf="0.8990423">
            <Unicode>decreta</Unicode>
          </TextEquiv>
        </Word>
        <Word id="region0009_line0003_word0005" custom="readingOrder {index:5;}">
          <Coords points="1132,482 1132,517 1200,518 1200,487 1192,482 1185,482 1177,484 1163,482"/>
          <TextEquiv conf="0.90545195">
            <Unicode>Dei,</Unicode>
          </TextEquiv>
        </Word>
        <Word id="region0009_line0003_word0006" custom="readingOrder {index:6;}">
          <Coords points="1215,483 1215,514 1292,515 1292,485 1285,488 1232,487 1225,483"/>
          <TextEquiv conf="0.9040987">
            <Unicode>intra</Unicode>
          </TextEquiv>
        </Word>
        <Word id="region0009_line0003_word0007" custom="readingOrder {index:7;}">
          <Coords points="1306,485 1306,516 1384,518 1384,496 1373,495 1372,491 1365,488 1347,490 1339,486 1329,485"/>
          <TextEquiv conf="0.918701">
            <Unicode>Dei-</Unicode>
          </TextEquiv>
        </Word>
        <TextEquiv conf="0.9038407">
          <Unicode>compoſitio: Attributa enim &amp; decreta Dei, intra Dei-</Unicode>
        </TextEquiv>
      </TextLine>
      <TextLine id="region0009_line0004" custom="readingOrder {index:3;}">
        <Coords points="566,504 559,513 545,513 535,505 501,509 458,508 458,547 566,547 646,552 652,548 669,548 674,554 678,555 684,550 704,549 718,554 733,556 842,559 852,554 865,556 880,553 886,558 901,558 947,558 956,554 968,554 982,558 999,555 1005,559 1039,560 1051,566 1066,562 1135,565 1141,562 1162,563 1169,567 1183,568 1221,569 1236,565 1299,564 1389,570 1388,533 1351,531 1335,525 1300,530 1191,529 1179,523 1168,522 1114,520 1107,524 1080,523 1070,522 1063,517 1046,522 1017,521 1007,516 996,516 991,519 959,519 953,515 928,514 918,519 896,520 885,514 871,515 866,519 856,519 850,515 822,516 817,513 795,513 788,518 742,517 711,514 703,509 691,510 685,514 588,511 581,506"/>
        <Baseline points="458,536 1389,560"/>
        <Word id="region0009_line0004_word0000" custom="readingOrder {index:0;}">
          <Coords points="475,512 474,542 547,543 548,513 545,513 545,513"/>
          <TextEquiv conf="0.86287713">
            <Unicode>tatis</Unicode>
          </TextEquiv>
        </Word>
        <Word id="region0009_line0004_word0001" custom="readingOrder {index:1;}">
          <Coords points="560,513 666,515 665,548 559,546"/>
          <TextEquiv conf="0.9208633">
            <Unicode>ſinum,</Unicode>
          </TextEquiv>
        </Word>
        <Word id="region0009_line0004_word0002" custom="readingOrder {index:2;}">
          <Coords points="686,513 685,514 673,514 672,552 673,553 680,553 684,550 704,549 718,554 718,554 761,555 762,517 742,517 711,514 711,514"/>
          <TextEquiv conf="0.92323655">
            <Unicode>plane</Unicode>
          </TextEquiv>
        </Word>
        <Word id="region0009_line0004_word0003" custom="readingOrder {index:3;}">
          <Coords points="773,547 849,549 850,518 790,516 788,518 773,517"/>
          <TextEquiv conf="0.8864838">
            <Unicode>nihil</Unicode>
          </TextEquiv>
        </Word>
        <Word id="region0009_line0004_word0004" custom="readingOrder {index:4;}">
          <Coords points="859,520 895,521 894,550 858,549"/>
          <TextEquiv conf="0.8864838">
            <Unicode>ab</Unicode>
          </TextEquiv>
        </Word>
        <Word id="region0009_line0004_word0005" custom="readingOrder {index:5;}">
          <Coords points="914,519 903,520 902,550 1025,552 1026,521 1017,521 1017,521"/>
          <TextEquiv conf="0.78565925">
            <Unicode>eſſentia</Unicode>
          </TextEquiv>
        </Word>
        <Word id="region0009_line0004_word0006" custom="readingOrder {index:6;}">
          <Coords points="1051,521 1046,522 1035,522 1034,560 1039,560 1039,560 1098,562 1099,524 1080,523 1070,522 1069,521"/>
          <TextEquiv>
            <Unicode>ejus</Unicode>
          </TextEquiv>
        </Word>
        <Word id="region0009_line0004_word0007" custom="readingOrder {index:7;}">
          <Coords points="1109,523 1108,523 1107,557 1268,560 1269,530 1191,529 1182,524"/>
          <TextEquiv conf="0.9203408">
            <Unicode>differunt;</Unicode>
          </TextEquiv>
        </Word>
        <Word id="region0009_line0004_word0008" custom="readingOrder {index:8;}">
          <Coords points="1328,525 1300,530 1278,529 1278,557 1379,559 1379,532 1351,531 1338,526"/>
          <TextEquiv conf="0.9150822">
            <Unicode>noſtro</Unicode>
          </TextEquiv>
        </Word>
        <TextEquiv>
          <Unicode>tatis ſinum, plane nihil ab eſſentia ejus differunt; noſtro</Unicode>
        </TextEquiv>
      </TextLine>
      <TextLine id="region0009_line0005" custom="readingOrder {index:4;}">
        <Coords points="652,549 646,553 459,549 457,582 555,585 563,586 576,596 587,595 595,590 605,591 621,588 646,594 739,593 746,597 781,598 788,594 797,594 816,603 825,602 830,594 896,595 911,599 929,599 949,596 956,600 1035,599 1126,606 1167,603 1191,609 1246,610 1253,606 1295,610 1316,608 1341,615 1389,615 1389,571 1365,568 1236,566 1214,571 1169,568 1162,564 1141,563 1135,566 1063,564 1051,567 1044,562 1006,561 999,556 987,556 981,561 968,555 956,555 944,561 887,560 876,554 865,557 852,555 842,560 719,557 712,551 704,550 684,551 674,555 669,549"/>
        <Baseline points="458,576 1266,596 1389,605"/>
        <Word id="region0009_line0005_word0000" custom="readingOrder {index:0;}">
          <Coords points="632,564 477,561 476,582 555,585 563,586 573,593 588,594 595,590 605,591 621,588 631,590"/>
          <TextEquiv conf="0.7004384">
            <Unicode>conceptu</Unicode>
          </TextEquiv>
        </Word>
        <Word id="region0009_line0005_word0001" custom="readingOrder {index:1;}">
          <Coords points="646,557 793,560 792,591 645,588"/>
          <TextEquiv conf="0.8599999">
            <Unicode>differunt</Unicode>
          </TextEquiv>
        </Word>
        <Word id="region0009_line0005_word0002" custom="readingOrder {index:2;}">
          <Coords points="940,562 842,560 842,560 807,559 806,598 808,599 827,599 830,594 896,595 911,599 929,599 939,597"/>
          <TextEquiv conf="0.9175943">
            <Unicode>quidem,</Unicode>
          </TextEquiv>
        </Word>
        <Word id="region0009_line0005_word0003" custom="readingOrder {index:3;}">
          <Coords points="949,562 1000,563 999,595 948,594"/>
          <TextEquiv conf="0.90461713">
            <Unicode>ſed</Unicode>
          </TextEquiv>
        </Word>
        <Word id="region0009_line0005_word0004" custom="readingOrder {index:4;}">
          <Coords points="1014,573 1077,574 1076,594 1013,593"/>
          <TextEquiv conf="0.90461713">
            <Unicode>non</Unicode>
          </TextEquiv>
        </Word>
        <Word id="region0009_line0005_word0005" custom="readingOrder {index:5;}">
          <Coords points="1091,566 1090,597 1217,600 1218,570 1214,571 1169,568 1169,568"/>
          <TextEquiv>
            <Unicode>realiter.</Unicode>
          </TextEquiv>
        </Word>
        <Word id="region0009_line0005_word0006" custom="readingOrder {index:6;}">
          <Coords points="1260,571 1320,572 1319,602 1259,601"/>
          <TextEquiv conf="0.8994544">
            <Unicode>Vel</Unicode>
          </TextEquiv>
        </Word>
        <Word id="region0009_line0005_word0007" custom="readingOrder {index:7;}">
          <Coords points="1334,571 1382,572 1381,612 1333,611"/>
          <TextEquiv>
            <Unicode>(2)</Unicode>
          </TextEquiv>
        </Word>
        <TextEquiv>
          <Unicode>conceptu differunt quidem, ſed non realiter. Vel (2)</Unicode>
        </TextEquiv>
      </TextLine>
      <TextLine id="region0009_line0006" custom="readingOrder {index:5;}">
        <Coords points="457,583 458,623 507,625 524,630 605,632 626,630 643,635 690,636 700,632 717,632 726,638 953,641 1014,645 1038,637 1055,638 1069,647 1079,649 1098,647 1106,641 1116,641 1121,645 1133,642 1154,644 1165,649 1221,650 1236,646 1250,647 1257,654 1272,647 1296,652 1388,655 1389,616 1341,616 1316,609 1302,608 1293,613 1213,612 1175,608 1167,604 1143,607 961,603 949,597 929,600 867,595 830,595 825,603 816,604 797,595 788,595 780,600 747,599 739,594 707,593 700,597 635,595 629,590 615,588 603,593 576,597 563,587 555,586"/>
        <Baseline points="457,616 1388,645"/>
        <Word id="region0009_line0006_word0000" custom="readingOrder {index:0;}">
          <Coords points="511,625 512,593 473,593 472,623 507,625"/>
          <TextEquiv conf="0.91528374">
            <Unicode>In</Unicode>
          </TextEquiv>
        </Word>
        <Word id="region0009_line0006_word0001" custom="readingOrder {index:1;}">
          <Coords points="525,594 524,625 591,626 592,595 589,594 576,597 573,594"/>
          <TextEquiv conf="0.9237589">
            <Unicode>Deo</Unicode>
          </TextEquiv>
        </Word>
        <Word id="region0009_line0006_word0002" custom="readingOrder {index:2;}">
          <Coords points="606,594 606,625 676,627 677,596 635,595 635,595"/>
          <TextEquiv conf="0.9234497">
            <Unicode>ſunt</Unicode>
          </TextEquiv>
        </Word>
        <Word id="region0009_line0006_word0003" custom="readingOrder {index:3;}">
          <Coords points="691,597 690,630 814,632 814,603 805,598 782,598 780,600 747,599 745,597"/>
          <TextEquiv conf="0.91233057">
            <Unicode>eſſentia</Unicode>
          </TextEquiv>
        </Word>
        <Word id="region0009_line0006_word0004" custom="readingOrder {index:4;}">
          <Coords points="829,600 856,601 855,630 828,629"/>
          <TextEquiv conf="0.92634934">
            <Unicode>&amp;</Unicode>
          </TextEquiv>
        </Word>
        <Word id="region0009_line0006_word0005" custom="readingOrder {index:5;}">
          <Coords points="872,599 871,634 1020,637 1020,604 961,603 956,600"/>
          <TextEquiv conf="0.8919485">
            <Unicode>Perſonæ,</Unicode>
          </TextEquiv>
        </Word>
        <Word id="region0009_line0006_word0006" custom="readingOrder {index:6;}">
          <Coords points="1112,611 1041,609 1040,637 1055,638 1058,640 1104,641 1106,641 1111,641"/>
          <TextEquiv conf="0.9212969">
            <Unicode>ergo</Unicode>
          </TextEquiv>
        </Word>
        <Word id="region0009_line0006_word0007" custom="readingOrder {index:7;}">
          <Coords points="1130,634 1172,635 1172,606 1167,604 1143,607 1130,606"/>
          <TextEquiv conf="0.92310506">
            <Unicode>eſt</Unicode>
          </TextEquiv>
        </Word>
        <Word id="region0009_line0006_word0008" custom="readingOrder {index:8;}">
          <Coords points="1378,649 1379,616 1341,616 1316,609 1302,608 1293,613 1213,612 1186,609 1185,645 1236,646 1236,646 1237,646"/>
          <TextEquiv conf="0.9036868">
            <Unicode>compoſitus.</Unicode>
          </TextEquiv>
        </Word>
        <TextEquiv conf="0.91568995">
          <Unicode>In Deo ſunt eſſentia &amp; Perſonæ, ergo eſt compoſitus.</Unicode>
        </TextEquiv>
      </TextLine>
      <TextLine id="region0009_line0007" custom="readingOrder {index:6;}">
        <Coords points="457,624 458,666 519,667 526,672 593,669 619,675 660,677 713,678 721,674 736,675 746,680 774,681 822,680 839,676 863,679 871,675 880,675 927,679 946,678 973,682 1129,686 1233,693 1388,698 1388,656 1300,654 1274,648 1260,655 1254,653 1250,648 1236,647 1226,648 1220,652 1165,650 1154,645 1142,643 1122,647 1116,642 1106,642 1098,648 1079,650 1069,648 1055,639 1038,638 1014,646 919,641 726,639 717,633 700,633 688,639 652,638 634,636 626,631 578,634"/>
        <Baseline points="458,659 1388,688"/>
        <Word id="region0009_line0007_word0000" custom="readingOrder {index:0;}">
          <Coords points="472,633 556,634 556,666 472,665"/>
          <TextEquiv conf="0.88195723">
            <Unicode>Nam</Unicode>
          </TextEquiv>
        </Word>
        <Word id="region0009_line0007_word0001" custom="readingOrder {index:1;}">
          <Coords points="575,634 628,635 628,665 575,664"/>
          <TextEquiv conf="0.8633025">
            <Unicode>etſi</Unicode>
          </TextEquiv>
        </Word>
        <Word id="region0009_line0007_word0002" custom="readingOrder {index:2;}">
          <Coords points="693,636 688,639 652,638 645,637 645,670 784,673 784,639 726,639 722,636"/>
          <TextEquiv conf="0.89792025">
            <Unicode>realiter,</Unicode>
          </TextEquiv>
        </Word>
        <Word id="region0009_line0007_word0003" custom="readingOrder {index:3;}">
          <Coords points="803,647 866,648 866,668 803,667"/>
          <TextEquiv conf="0.9160053">
            <Unicode>non</Unicode>
          </TextEquiv>
        </Word>
        <Word id="region0009_line0007_word0004" custom="readingOrder {index:4;}">
          <Coords points="886,648 990,650 990,674 886,673"/>
          <TextEquiv conf="0.88905245">
            <Unicode>tamen</Unicode>
          </TextEquiv>
        </Word>
        <Word id="region0009_line0007_word0005" custom="readingOrder {index:5;}">
          <Coords points="1027,641 1014,646 1008,645 1008,673 1203,677 1203,651 1165,650 1154,645 1147,643 1138,643 1122,647 1117,643 1104,642 1098,648 1079,650 1069,648 1059,642"/>
          <TextEquiv conf="0.88905245">
            <Unicode>eſſentialiter</Unicode>
          </TextEquiv>
        </Word>
        <Word id="region0009_line0007_word0006" custom="readingOrder {index:6;}">
          <Coords points="1233,647 1226,648 1220,652 1220,678 1378,681 1378,656 1300,654 1274,648 1274,648 1260,655 1254,653 1250,648 1242,647"/>
          <TextEquiv conf="0.8464012">
            <Unicode>differunt.</Unicode>
          </TextEquiv>
        </Word>
        <TextEquiv conf="0.88338447">
          <Unicode>Nam etſi realiter, non tamen eſſentialiter differunt.</Unicode>
        </TextEquiv>
      </TextLine>
      <TextLine id="region0009_line0008" custom="readingOrder {index:7;}">
        <Coords points="467,667 458,667 458,712 666,715 695,717 702,722 715,722 725,718 755,719 770,720 774,725 781,727 792,720 804,718 816,726 858,728 867,721 903,720 934,727 1017,726 1028,714 1028,689 1024,684 871,676 865,678 861,683 855,683 851,677 831,677 824,681 780,683 742,681 736,676 721,675 710,680 615,678 606,672 593,670 565,669 555,674 526,675 519,668"/>
        <Baseline points="458,702 1026,716"/>
        <Word id="region0009_line0008_word0000" custom="readingOrder {index:0;} textStyle {offset:0; length:4;italic:true; fontSize:0.0; kerning:0;}">
          <Coords points="474,680 545,681 545,712 474,711"/>
          <TextEquiv conf="0.85542953">
            <Unicode>Tres</Unicode>
          </TextEquiv>
        </Word>
        <Word id="region0009_line0008_word0001" custom="readingOrder {index:1;} textStyle {offset:0; length:4;italic:true; fontSize:0.0; kerning:0;}">
          <Coords points="559,679 601,680 601,711 559,710"/>
          <TextEquiv conf="0.9146985">
            <Unicode>illi</Unicode>
          </TextEquiv>
        </Word>
        <Word id="region0009_line0008_word0002" custom="readingOrder {index:2;} textStyle {offset:0; length:4;italic:true; fontSize:0.0; kerning:0;}">
          <Coords points="611,690 698,692 698,712 611,710"/>
          <TextEquiv conf="0.9146985">
            <Unicode>unum</Unicode>
          </TextEquiv>
        </Word>
        <Word id="region0009_line0008_word0003" custom="readingOrder {index:3;} textStyle {offset:0; length:5;italic:true; fontSize:0.0; kerning:0;}">
          <Coords points="704,680 704,722 715,722 725,718 755,719 770,720 773,724 786,724 789,722 789,683 780,683 742,681 742,681"/>
          <TextEquiv conf="0.87337464">
            <Unicode>ſunt,</Unicode>
          </TextEquiv>
        </Word>
        <Word id="region0009_line0008_word0004" custom="readingOrder {index:4;}">
          <Coords points="801,694 818,694 818,713 801,713"/>
          <TextEquiv conf="0.60277194">
            <Unicode>1.</Unicode>
          </TextEquiv>
        </Word>
        <Word id="region0009_line0008_word0005" custom="readingOrder {index:5;}">
          <Coords points="827,682 827,722 864,723 867,721 896,720 896,684 861,683 861,683 855,683 855,683"/>
          <TextEquiv conf="0.83857256">
            <Unicode>Joh.</Unicode>
          </TextEquiv>
        </Word>
        <Word id="region0009_line0008_word0006" custom="readingOrder {index:6;}">
          <Coords points="944,723 944,687 907,686 907,720 912,722"/>
          <TextEquiv conf="0.83857256">
            <Unicode>V,</Unicode>
          </TextEquiv>
        </Word>
        <Word id="region0009_line0008_word0007" custom="readingOrder {index:7;}">
          <Coords points="957,694 983,694 983,720 957,720"/>
          <TextEquiv>
            <Unicode>8.</Unicode>
          </TextEquiv>
        </Word>
        <TextEquiv>
          <Unicode>Tres illi unum ſunt, 1. Joh. V, 8.</Unicode>
        </TextEquiv>
      </TextLine>
      <TextLine id="region0009_line0009" custom="readingOrder {index:8;}">
        <Coords points="498,712 458,715 457,747 504,755 516,759 520,763 534,764 577,761 590,764 650,763 672,760 760,761 781,771 808,761 824,761 829,764 961,765 980,769 1039,770 1044,768 1066,771 1089,767 1206,774 1213,770 1245,770 1252,782 1258,783 1275,779 1366,781 1389,776 1389,734 1355,734 1346,741 1341,733 1329,733 1321,740 1295,742 1295,734 1289,727 1266,728 1253,738 1154,733 1053,734 919,730 916,724 909,721 898,723 895,730 822,728 804,719 792,721 781,728 734,727 726,720 715,723 702,723 695,718 684,718 672,723 669,717 656,716 647,724 612,727 602,723 568,721 547,713"/>
        <Baseline points="457,742 529,753 1389,766"/>
        <Word id="region0009_line0009_word0000" custom="readingOrder {index:0;}">
          <Coords points="509,718 508,756 571,758 571,721 568,721 564,719"/>
          <TextEquiv conf="0.89085525">
            <Unicode>Qu.</Unicode>
          </TextEquiv>
        </Word>
        <Word id="region0009_line0009_word0001" custom="readingOrder {index:1;}">
          <Coords points="586,730 614,730 613,756 585,756"/>
          <TextEquiv conf="0.9024933">
            <Unicode>4.</Unicode>
          </TextEquiv>
        </Word>
        <Word id="region0009_line0009_word0002" custom="readingOrder {index:2;} textStyle {offset:0; length:2;italic:true; fontSize:0.0; kerning:0;}">
          <Coords points="650,721 647,724 637,724 637,751 683,752 684,722 674,721 672,723 671,721"/>
          <TextEquiv conf="0.90241504">
            <Unicode>An</Unicode>
          </TextEquiv>
        </Word>
        <Word id="region0009_line0009_word0003" custom="readingOrder {index:3;} textStyle {offset:0; length:4;italic:true; fontSize:0.0; kerning:0;}">
          <Coords points="693,724 692,754 769,755 769,727 734,727 731,724"/>
          <TextEquiv conf="0.8724802">
            <Unicode>Deus</Unicode>
          </TextEquiv>
        </Word>
        <Word id="region0009_line0009_word0004" custom="readingOrder {index:4;} textStyle {offset:0; length:3;italic:true; fontSize:0.0; kerning:0;}">
          <Coords points="788,723 781,728 778,727 778,766 794,766 808,761 820,761 820,727 812,723"/>
          <TextEquiv conf="0.8724802">
            <Unicode>ſit</Unicode>
          </TextEquiv>
        </Word>
        <Word id="region0009_line0009_word0005" custom="readingOrder {index:5;} textStyle {offset:0; length:6;italic:true; fontSize:0.0; kerning:0;}">
          <Coords points="896,726 895,730 834,728 834,756 956,758 956,731 919,730 917,726"/>
          <TextEquiv>
            <Unicode>omnium</Unicode>
          </TextEquiv>
        </Word>
        <Word id="region0009_line0009_word0006" custom="readingOrder {index:6;} textStyle {offset:0; length:5;italic:true; fontSize:0.0; kerning:0;}">
          <Coords points="968,736 1062,738 1062,760 968,758"/>
          <TextEquiv conf="0.9180877">
            <Unicode>rerum</Unicode>
          </TextEquiv>
        </Word>
        <Word id="region0009_line0009_word0007" custom="readingOrder {index:7;} textStyle {offset:0; length:9;italic:true; fontSize:0.0; kerning:0;}">
          <Coords points="1074,736 1234,739 1234,762 1074,759"/>
          <TextEquiv>
            <Unicode>creatorum</Unicode>
          </TextEquiv>
        </Word>
        <Word id="region0009_line0009_word0008" custom="readingOrder {index:8;} textStyle {offset:0; length:9;italic:true; fontSize:0.0; kerning:0;}">
          <Coords points="1262,730 1253,738 1243,737 1243,770 1245,770 1246,773 1378,776 1378,734 1355,734 1346,741 1341,733 1329,733 1321,740 1295,742 1295,734 1292,731"/>
          <TextEquiv>
            <Unicode>eſſentia?</Unicode>
          </TextEquiv>
        </Word>
        <TextEquiv>
          <Unicode>Qu. 4. An Deus ſit omnium rerum creatorum eſſentia?</Unicode>
        </TextEquiv>
      </TextLine>
      <TextLine id="region0009_line0010" custom="readingOrder {index:9;}">
        <Coords points="458,749 458,799 519,799 537,805 577,802 671,804 685,804 693,799 724,799 744,801 752,807 768,810 785,805 802,807 906,805 929,805 935,809 942,807 974,808 981,812 1116,815 1122,812 1158,811 1193,811 1205,816 1228,816 1236,812 1249,815 1388,818 1389,787 1296,780 1252,783 1245,771 1213,771 1205,778 1147,775 1141,770 1133,769 1089,768 1078,771 1077,775 1062,775 1057,770 1044,769 1036,774 1021,775 982,772 961,766 919,765 900,770 841,769 831,768 824,762 800,763 791,770 781,772 766,767 760,762 672,761 663,764 567,763 534,765 520,764 516,760 504,756"/>
        <Baseline points="458,789 1388,810"/>
        <Word id="region0009_line0010_word0000" custom="readingOrder {index:0;}">
          <Coords points="471,758 470,797 550,798 550,763 534,765 520,764 516,760 511,758"/>
          <TextEquiv conf="0.89225584">
            <Unicode>Neg.</Unicode>
          </TextEquiv>
        </Word>
        <Word id="region0009_line0010_word0001" custom="readingOrder {index:1;}">
          <Coords points="569,768 674,770 673,793 568,791"/>
          <TextEquiv conf="0.908187">
            <Unicode>contra</Unicode>
          </TextEquiv>
        </Word>
        <Word id="region0009_line0010_word0002" custom="readingOrder {index:2;}">
          <Coords points="687,762 686,801 689,801 693,799 724,799 744,801 745,802 904,805 904,768 900,770 841,769 831,768 826,764 798,764 791,770 781,772 766,767 761,763"/>
          <TextEquiv conf="0.90090597">
            <Unicode>Weigelianos.</Unicode>
          </TextEquiv>
        </Word>
        <Word id="region0009_line0010_word0003" custom="readingOrder {index:3;}">
          <Coords points="946,767 945,798 991,799 991,772 982,772 966,767"/>
          <TextEquiv conf="0.8930629">
            <Unicode>Ita</Unicode>
          </TextEquiv>
        </Word>
        <Word id="region0009_line0010_word0004" custom="readingOrder {index:4;}">
          <Coords points="1004,799 1086,800 1087,769 1085,768 1078,771 1077,775 1062,775 1057,770 1044,769 1036,774 1021,775 1004,773"/>
          <TextEquiv conf="0.8915003">
            <Unicode>enim</Unicode>
          </TextEquiv>
        </Word>
        <Word id="region0009_line0010_word0005" custom="readingOrder {index:5;}">
          <Coords points="1102,770 1101,801 1184,802 1184,776 1147,775 1141,770"/>
          <TextEquiv conf="0.926707">
            <Unicode>Deus</Unicode>
          </TextEquiv>
        </Word>
        <Word id="region0009_line0010_word0006" custom="readingOrder {index:6;}">
          <Coords points="1212,771 1205,778 1198,777 1198,802 1272,804 1272,781 1252,783 1245,772"/>
          <TextEquiv conf="0.8925357">
            <Unicode>eſſet</Unicode>
          </TextEquiv>
        </Word>
        <Word id="region0009_line0010_word0007" custom="readingOrder {index:7;}">
          <Coords points="1290,783 1289,803 1376,805 1376,786 1356,784"/>
          <TextEquiv conf="0.89408326">
            <Unicode>com-</Unicode>
          </TextEquiv>
        </Word>
        <TextEquiv conf="0.8999047">
          <Unicode>Neg. contra Weigelianos. Ita enim Deus eſſet com-</Unicode>
        </TextEquiv>
      </TextLine>
      <TextLine id="region0009_line0011" custom="readingOrder {index:10;}">
        <Coords points="693,800 685,805 671,805 568,804 535,806 529,802 514,800 508,802 458,802 457,847 474,848 485,836 536,837 554,842 572,843 591,838 639,839 662,843 671,840 681,840 687,844 741,841 783,842 793,846 807,846 823,842 830,848 869,845 876,851 886,847 922,847 990,858 1035,850 1073,856 1295,860 1301,857 1319,858 1333,863 1365,865 1370,861 1381,861 1388,865 1388,819 1249,816 1236,813 1227,818 1206,818 1193,812 1158,812 1122,813 1108,817 982,815 974,809 942,808 935,810 929,806 906,806 901,810 785,806 768,811 752,808 744,802"/>
        <Baseline points="458,833 769,833 1388,856"/>
        <Word id="region0009_line0011_word0000" custom="readingOrder {index:0;}">
          <Coords points="468,803 467,844 477,844 485,836 536,837 554,842 572,843 591,838 592,838 593,805 560,804 535,806 532,804"/>
          <TextEquiv conf="0.89806783">
            <Unicode>poſitus,</Unicode>
          </TextEquiv>
        </Word>
        <Word id="region0009_line0011_word0001" custom="readingOrder {index:1;}">
          <Coords points="608,806 607,838 639,839 649,840 667,841 671,840 681,840 683,841 721,842 741,841 769,841 769,810 768,811 755,808"/>
          <TextEquiv conf="0.82979316">
            <Unicode>mutabilis,</Unicode>
          </TextEquiv>
        </Word>
        <Word id="region0009_line0011_word0002" custom="readingOrder {index:2;}">
          <Coords points="784,810 783,842 793,846 807,846 823,842 830,848 869,845 876,851 877,851 886,847 922,847 954,852 996,853 997,815 982,815 980,814"/>
          <TextEquiv conf="0.9166191">
            <Unicode>corruptibilis,</Unicode>
          </TextEquiv>
        </Word>
        <Word id="region0009_line0011_word0003" custom="readingOrder {index:3;}">
          <Coords points="1017,823 1122,825 1121,846 1016,844"/>
          <TextEquiv conf="0.92825454">
            <Unicode>contra</Unicode>
          </TextEquiv>
        </Word>
        <Word id="region0009_line0011_word0004" custom="readingOrder {index:4;}">
          <Coords points="1135,816 1134,847 1263,850 1264,819 1221,818 1206,818 1205,818"/>
          <TextEquiv conf="0.8946779">
            <Unicode>Malach.</Unicode>
          </TextEquiv>
        </Word>
        <Word id="region0009_line0011_word0005" custom="readingOrder {index:5;}">
          <Coords points="1276,821 1329,822 1328,857 1275,856"/>
          <TextEquiv>
            <Unicode>lIl,</Unicode>
          </TextEquiv>
        </Word>
        <Word id="region0009_line0011_word0006" custom="readingOrder {index:6;}">
          <Coords points="1346,824 1377,825 1376,854 1345,853"/>
          <TextEquiv conf="0.8214537">
            <Unicode>6.</Unicode>
          </TextEquiv>
        </Word>
        <TextEquiv>
          <Unicode>poſitus, mutabilis, corruptibilis, contra Malach. lIl, 6.</Unicode>
        </TextEquiv>
      </TextLine>
      <TextLine id="region0009_line0012" custom="readingOrder {index:11;}">
        <Coords points="485,837 474,849 457,848 458,881 477,882 484,878 493,878 501,883 596,881 641,885 653,879 665,879 671,883 804,889 845,890 851,887 870,886 875,887 880,894 894,889 935,894 1001,895 1008,892 1029,892 1035,896 1053,897 1061,893 1076,896 1125,895 1130,898 1190,899 1197,895 1207,896 1215,903 1224,899 1340,902 1351,899 1359,894 1370,902 1388,900 1388,866 1381,862 1370,862 1363,867 1334,865 1319,859 1301,858 1293,862 1055,858 1046,852 1035,851 990,859 946,855 937,850 922,848 886,848 876,852 869,846 832,850 823,843 811,844 806,849 794,849 783,843 741,842 700,844 695,848 688,847 681,841 671,841 663,844 639,840 591,839 572,844 554,843 536,838"/>
        <Baseline points="458,871 1388,891"/>
        <Word id="region0009_line0012_word0000" custom="readingOrder {index:0;}">
          <Coords points="469,858 490,858 490,878 469,878"/>
          <TextEquiv conf="0.74963593">
            <Unicode>1.</Unicode>
          </TextEquiv>
        </Word>
        <Word id="region0009_line0012_word0001" custom="readingOrder {index:1;}">
          <Coords points="642,884 642,849 497,846 497,880 498,881 547,882 596,881 626,884"/>
          <TextEquiv conf="0.87221855">
            <Unicode>Tim.</Unicode>
          </TextEquiv>
        </Word>
        <Word id="region0009_line0012_word0002" custom="readingOrder {index:2;}">
          <Coords points="645,844 600,843 600,881 641,885 645,883"/>
          <TextEquiv conf="0.816251">
            <Unicode>VI,</Unicode>
          </TextEquiv>
        </Word>
        <Word id="region0009_line0012_word0003" custom="readingOrder {index:3;}">
          <Coords points="690,881 690,849 651,848 651,880 653,879 665,879 667,880"/>
          <TextEquiv>
            <Unicode>16.</Unicode>
          </TextEquiv>
        </Word>
        <Word id="region0009_line0012_word0004" custom="readingOrder {index:4;}">
          <Coords points="730,850 826,851 826,883 730,882"/>
          <TextEquiv conf="0.85905886">
            <Unicode>Aliud</Unicode>
          </TextEquiv>
        </Word>
        <Word id="region0009_line0012_word0005" custom="readingOrder {index:5;}">
          <Coords points="888,890 888,854 838,853 838,889 846,889 851,887 870,886 875,887 876,889"/>
          <TextEquiv conf="0.90268064">
            <Unicode>eſt,</Unicode>
          </TextEquiv>
        </Word>
        <Word id="region0009_line0012_word0006" custom="readingOrder {index:6;}">
          <Coords points="902,854 902,884 985,885 985,859 946,855 945,855"/>
          <TextEquiv conf="0.92292386">
            <Unicode>Deus</Unicode>
          </TextEquiv>
        </Word>
        <Word id="region0009_line0012_word0007" custom="readingOrder {index:7;}">
          <Coords points="1011,855 999,857 999,886 1058,887 1058,858 1055,858 1051,855"/>
          <TextEquiv conf="0.9231125">
            <Unicode>eſſe</Unicode>
          </TextEquiv>
        </Word>
        <Word id="region0009_line0012_word0008" custom="readingOrder {index:8;}">
          <Coords points="1066,864 1269,868 1269,895 1066,891"/>
          <TextEquiv conf="0.90621644">
            <Unicode>creaturarum</Unicode>
          </TextEquiv>
        </Word>
        <Word id="region0009_line0012_word0009" custom="readingOrder {index:9;}">
          <Coords points="1296,860 1293,862 1278,861 1278,892 1380,894 1380,862 1370,862 1363,867 1334,865 1323,860"/>
          <TextEquiv>
            <Unicode>eſſen-</Unicode>
          </TextEquiv>
        </Word>
        <TextEquiv>
          <Unicode>1. Tim. VI, 16. Aliud eſt, Deus eſſe creaturarum eſſen-</Unicode>
        </TextEquiv>
      </TextLine>
      <TextLine id="region0009_line0013" custom="readingOrder {index:12;}">
        <Coords points="653,880 641,886 580,883 501,884 493,879 484,879 477,883 458,883 458,917 555,924 562,918 571,919 586,926 602,926 609,922 647,923 653,920 666,920 674,925 735,922 739,924 742,932 748,933 786,925 808,930 834,932 907,928 961,932 995,931 1001,934 1007,931 1035,931 1057,934 1065,939 1081,941 1120,939 1332,943 1389,940 1388,912 1369,909 1369,902 1360,895 1338,905 1213,904 1207,897 1197,896 1189,901 1131,901 1125,896 1076,897 1060,894 1052,899 1036,898 1029,893 1008,893 998,898 911,894 906,890 894,890 880,895 875,888 870,887 851,888 844,892 825,891 685,886"/>
        <Baseline points="458,911 1389,934"/>
        <Word id="region0009_line0013_word0000" custom="readingOrder {index:0;}">
          <Coords points="560,919 561,885 466,884 465,917 473,918"/>
          <TextEquiv>
            <Unicode>tiam,</Unicode>
          </TextEquiv>
        </Word>
        <Word id="region0009_line0013_word0001" custom="readingOrder {index:1;}">
          <Coords points="582,884 581,922 608,922 609,922 632,923 647,923 653,920 665,920 666,885 644,885 641,886 606,884"/>
          <TextEquiv conf="0.9058014">
            <Unicode>quod</Unicode>
          </TextEquiv>
        </Word>
        <Word id="region0009_line0013_word0002" custom="readingOrder {index:2;}">
          <Coords points="828,928 828,898 678,896 678,924 735,922 739,924 740,926 775,927 786,925 797,927"/>
          <TextEquiv conf="0.8829199">
            <Unicode>nusquam</Unicode>
          </TextEquiv>
        </Word>
        <Word id="region0009_line0013_word0003" custom="readingOrder {index:3;}">
          <Coords points="849,889 844,891 844,925 970,927 970,896 911,894 906,890 894,890 880,895 876,889"/>
          <TextEquiv conf="0.8829199">
            <Unicode>dicitur;</Unicode>
          </TextEquiv>
        </Word>
        <Word id="region0009_line0013_word0004" custom="readingOrder {index:4;}">
          <Coords points="1005,894 998,898 990,897 990,930 1090,931 1090,896 1076,897 1063,894 1058,894 1052,899 1036,898 1030,894"/>
          <TextEquiv conf="0.9073429">
            <Unicode>aliud,</Unicode>
          </TextEquiv>
        </Word>
        <Word id="region0009_line0013_word0005" custom="readingOrder {index:5;}">
          <Coords points="1110,938 1172,939 1172,901 1131,901 1125,896 1110,896"/>
          <TextEquiv conf="0.9159573">
            <Unicode>Eum</Unicode>
          </TextEquiv>
        </Word>
        <Word id="region0009_line0013_word0006" custom="readingOrder {index:6;}">
          <Coords points="1191,926 1260,928 1260,904 1213,904 1207,897 1197,896 1191,899"/>
          <TextEquiv conf="0.90131205">
            <Unicode>dare</Unicode>
          </TextEquiv>
        </Word>
        <Word id="region0009_line0013_word0007" custom="readingOrder {index:7;}">
          <Coords points="1274,929 1376,931 1376,910 1369,909 1369,902 1360,895 1338,905 1274,904"/>
          <TextEquiv conf="0.9093562">
            <Unicode>omni-</Unicode>
          </TextEquiv>
        </Word>
        <TextEquiv>
          <Unicode>tiam, quod nusquam dicitur; aliud, Eum dare omni-</Unicode>
        </TextEquiv>
      </TextLine>
      <TextLine id="region0009_line0014" custom="readingOrder {index:13;}">
        <Coords points="562,919 555,925 458,918 458,961 641,963 648,966 675,968 840,971 865,974 872,971 887,974 900,970 915,973 951,971 958,974 1003,976 1012,973 1039,973 1046,978 1062,978 1066,982 1074,982 1083,977 1176,981 1187,972 1317,975 1326,968 1332,968 1339,976 1365,977 1372,968 1388,968 1389,941 1332,944 1120,940 1081,942 1065,940 1057,935 1035,932 1007,932 1001,935 995,932 961,933 907,929 846,934 807,932 794,926 786,926 776,930 748,934 742,933 735,923 701,923 694,928 675,928 666,921 653,921 644,926 608,924 602,927 586,927 571,920"/>
        <Baseline points="458,952 1150,971 1247,970 1332,956 1388,959"/>
        <Word id="region0009_line0014_word0000" custom="readingOrder {index:0;}">
          <Coords points="467,928 528,929 527,959 466,958"/>
          <TextEquiv conf="0.9194069">
            <Unicode>bus</Unicode>
          </TextEquiv>
        </Word>
        <Word id="region0009_line0014_word0001" custom="readingOrder {index:1;}">
          <Coords points="541,927 635,929 634,961 540,959"/>
          <TextEquiv conf="0.9123818">
            <Unicode>vitam</Unicode>
          </TextEquiv>
        </Word>
        <Word id="region0009_line0014_word0002" custom="readingOrder {index:2;}">
          <Coords points="650,930 678,931 677,962 649,961"/>
          <TextEquiv conf="0.89589536">
            <Unicode>&amp;</Unicode>
          </TextEquiv>
        </Word>
        <Word id="region0009_line0014_word0003" custom="readingOrder {index:3;}">
          <Coords points="689,931 688,967 856,970 857,934 847,933 846,934 840,933 760,932 748,934 742,933 741,931"/>
          <TextEquiv>
            <Unicode>eſſentiam,</Unicode>
          </TextEquiv>
        </Word>
        <Word id="region0009_line0014_word0004" custom="readingOrder {index:4;}">
          <Coords points="871,936 938,938 937,968 870,966"/>
          <TextEquiv conf="0.6238207">
            <Unicode>Act.</Unicode>
          </TextEquiv>
        </Word>
        <Word id="region0009_line0014_word0005" custom="readingOrder {index:5;}">
          <Coords points="948,938 947,971 951,971 956,973 1009,974 1012,973 1039,973 1041,974 1091,975 1092,941 1081,942 1065,940 1064,940"/>
          <TextEquiv conf="0.53255826">
            <Unicode>XVII.</Unicode>
          </TextEquiv>
        </Word>
        <Word id="region0009_line0014_word0006" custom="readingOrder {index:6;}">
          <Coords points="1095,941 1081,942 1065,940 1060,937 1060,978 1062,978 1063,979 1078,979 1083,977 1095,977"/>
          <TextEquiv conf="0.6484669">
            <Unicode>25.</Unicode>
          </TextEquiv>
        </Word>
        <Word id="region0009_line0014_word0007" custom="readingOrder {index:7;}">
          <Coords points="1103,945 1146,945 1145,972 1102,972"/>
          <TextEquiv>
            <Unicode>28.</Unicode>
          </TextEquiv>
        </Word>
        <TextEquiv>
          <Unicode>bus vitam &amp; eſſentiam, Act. XVII. 25. 28.</Unicode>
        </TextEquiv>
      </TextLine>
      <TextLine id="region0009_line0015" custom="readingOrder {index:14;}">
        <Coords points="1326,969 1317,976 1316,981 1300,981 1293,990 1250,990 1166,987 1162,982 1153,980 1083,978 1074,983 1049,983 1048,979 1039,974 1012,974 1007,976 1005,981 960,981 959,975 951,972 934,972 927,977 900,971 886,977 880,972 865,975 808,971 802,977 784,977 770,970 756,970 751,976 718,975 703,972 666,974 648,973 646,966 641,964 627,966 623,972 573,969 545,962 476,962 458,963 457,997 465,1005 478,1006 491,1002 510,1010 528,1006 536,1013 646,1010 714,1012 724,1009 741,1013 759,1010 766,1015 804,1016 813,1011 821,1011 829,1017 842,1017 851,1012 866,1011 877,1021 901,1016 910,1016 918,1022 929,1022 939,1018 980,1018 1014,1024 1022,1017 1055,1021 1095,1016 1126,1020 1141,1018 1149,1024 1161,1022 1174,1030 1239,1028 1261,1025 1272,1025 1279,1029 1319,1030 1330,1025 1344,1026 1348,1029 1388,1028 1389,997 1358,994 1353,983 1339,981 1339,977 1332,969"/>
        <Baseline points="457,994 1388,1019"/>
        <Word id="region0009_line0015_word0000" custom="readingOrder {index:0;}">
          <Coords points="541,962 509,962 509,999 571,1001 571,968 545,962"/>
          <TextEquiv conf="0.8932683">
            <Unicode>Qu.</Unicode>
          </TextEquiv>
        </Word>
        <Word id="region0009_line0015_word0001" custom="readingOrder {index:1;}">
          <Coords points="578,972 599,972 598,1000 577,1000"/>
          <TextEquiv conf="0.8932683">
            <Unicode>5.</Unicode>
          </TextEquiv>
        </Word>
        <Word id="region0009_line0015_word0002" custom="readingOrder {index:2;} textStyle {offset:0; length:2;italic:true; fontSize:0.0; kerning:0;}">
          <Coords points="613,993 660,994 660,973 648,973 646,966 641,964 627,966 623,972 613,971"/>
          <TextEquiv conf="0.90399605">
            <Unicode>An</Unicode>
          </TextEquiv>
        </Word>
        <Word id="region0009_line0015_word0003" custom="readingOrder {index:3;} textStyle {offset:0; length:9;italic:true; fontSize:0.0; kerning:0;}">
          <Coords points="666,997 814,1000 814,971 808,971 802,977 784,977 770,970 756,970 751,976 718,975 703,972 666,973"/>
          <TextEquiv conf="0.8631742">
            <Unicode>æternitas</Unicode>
          </TextEquiv>
        </Word>
        <Word id="region0009_line0015_word0004" custom="readingOrder {index:4;} textStyle {offset:0; length:3;italic:true; fontSize:0.0; kerning:0;}">
          <Coords points="818,999 877,1000 877,972 865,975 818,971"/>
          <TextEquiv conf="0.9079052">
            <Unicode>Dei</Unicode>
          </TextEquiv>
        </Word>
        <Word id="region0009_line0015_word0005" custom="readingOrder {index:5;} textStyle {offset:0; length:3;italic:true; fontSize:0.0; kerning:0;}">
          <Coords points="877,1009 921,1010 921,975 900,971 886,977 880,972 877,972"/>
          <TextEquiv conf="0.849442">
            <Unicode>ſit</Unicode>
          </TextEquiv>
        </Word>
        <Word id="region0009_line0015_word0006" custom="readingOrder {index:6;} textStyle {offset:0; length:11;italic:true; fontSize:0.0; kerning:0;}">
          <Coords points="920,1010 1094,1014 1094,978 1083,978 1074,983 1049,983 1048,979 1039,974 1012,974 1007,976 1005,981 960,981 959,975 951,972 934,972 927,977 920,975"/>
          <TextEquiv conf="0.8390479">
            <Unicode>ſucceſſiva?</Unicode>
          </TextEquiv>
        </Word>
        <Word id="region0009_line0015_word0007" custom="readingOrder {index:7;}">
          <Coords points="1114,1013 1192,1014 1192,987 1166,987 1162,982 1153,980 1114,978"/>
          <TextEquiv conf="0.90917134">
            <Unicode>Neg.</Unicode>
          </TextEquiv>
        </Word>
        <Word id="region0009_line0015_word0008" custom="readingOrder {index:8;}">
          <Coords points="1200,1007 1307,1009 1308,986 1296,985 1293,990 1250,990 1200,988"/>
          <TextEquiv conf="0.90917134">
            <Unicode>contra</Unicode>
          </TextEquiv>
        </Word>
        <Word id="region0009_line0015_word0009" custom="readingOrder {index:9;}">
          <Coords points="1325,969 1317,975 1317,1009 1374,1010 1374,995 1358,994 1353,983 1339,981 1339,977 1332,969"/>
          <TextEquiv conf="0.9249562">
            <Unicode>So-</Unicode>
          </TextEquiv>
        </Word>
        <TextEquiv conf="0.8893401">
          <Unicode>Qu. 5. An æternitas Dei ſit ſucceſſiva? Neg. contra So-</Unicode>
        </TextEquiv>
      </TextLine>
      <TextLine id="region0009_line0016" custom="readingOrder {index:15;}">
        <Coords points="486,1003 477,1009 458,1009 457,1047 534,1049 541,1046 571,1047 574,1051 611,1053 660,1053 669,1048 679,1049 685,1053 723,1050 734,1055 783,1056 789,1051 802,1051 807,1055 890,1057 897,1052 907,1052 914,1056 955,1058 963,1053 969,1053 978,1058 988,1060 1152,1066 1168,1067 1179,1072 1188,1067 1201,1068 1209,1063 1218,1064 1224,1069 1263,1070 1269,1066 1280,1066 1286,1070 1322,1071 1329,1067 1388,1069 1388,1038 1352,1033 1338,1026 1301,1031 1280,1031 1272,1026 1261,1026 1239,1029 1181,1031 1174,1031 1161,1023 1149,1025 1141,1019 1126,1021 1098,1017 1076,1017 1056,1022 1022,1018 1014,1025 980,1019 939,1019 929,1023 918,1023 910,1018 902,1018 877,1022 866,1012 851,1013 842,1018 829,1018 821,1012 813,1012 804,1017 766,1016 759,1011 741,1014 724,1010 712,1014 536,1014 528,1007 510,1011"/>
        <Baseline points="458,1038 1388,1060"/>
        <Word id="region0009_line0016_word0000" custom="readingOrder {index:0;}">
          <Coords points="479,1007 477,1009 465,1009 465,1044 620,1047 620,1014 536,1014 529,1008 522,1008 510,1011 500,1007"/>
          <TextEquiv conf="0.8596763">
            <Unicode>cinianos;</Unicode>
          </TextEquiv>
        </Word>
        <Word id="region0009_line0016_word0001" custom="readingOrder {index:1;}">
          <Coords points="635,1022 705,1023 705,1043 635,1042"/>
          <TextEquiv conf="0.90554816">
            <Unicode>nam</Unicode>
          </TextEquiv>
        </Word>
        <Word id="region0009_line0016_word0002" custom="readingOrder {index:2;}">
          <Coords points="714,1015 736,1016 736,1045 714,1044"/>
          <TextEquiv conf="0.92215943">
            <Unicode>ſi</Unicode>
          </TextEquiv>
        </Word>
        <Word id="region0009_line0016_word0003" custom="readingOrder {index:3;}">
          <Coords points="748,1014 748,1046 915,1049 915,1021 910,1018 902,1018 877,1022 870,1016 846,1015 842,1018 829,1018 825,1015 807,1015 804,1017 766,1016 763,1014"/>
          <TextEquiv conf="0.89157605">
            <Unicode>intrinſece</Unicode>
          </TextEquiv>
        </Word>
        <Word id="region0009_line0016_word0004" custom="readingOrder {index:4;}">
          <Coords points="1020,1019 1014,1025 980,1019 939,1019 929,1023 926,1023 926,1049 1142,1053 1143,1022 1061,1020 1056,1022 1039,1020"/>
          <TextEquiv conf="0.8933288">
            <Unicode>æternitas</Unicode>
          </TextEquiv>
        </Word>
        <Word id="region0009_line0016_word0005" custom="readingOrder {index:5;}">
          <Coords points="1140,1065 1140,1019 1126,1021 1098,1017 1089,1017 1089,1063 1106,1064"/>
          <TextEquiv conf="0.8933288">
            <Unicode>Dei</Unicode>
          </TextEquiv>
        </Word>
        <Word id="region0009_line0016_word0006" custom="readingOrder {index:6;}">
          <Coords points="1160,1023 1150,1025 1149,1064 1206,1065 1209,1063 1218,1064 1220,1065 1269,1066 1269,1066 1280,1066 1281,1066 1309,1067 1310,1030 1301,1031 1280,1031 1272,1026 1261,1026 1239,1029 1181,1031 1174,1031 1161,1023"/>
          <TextEquiv conf="0.76862043">
            <Unicode>ſucceſſiva</Unicode>
          </TextEquiv>
        </Word>
        <Word id="region0009_line0016_word0007" custom="readingOrder {index:7;}">
          <Coords points="1335,1026 1320,1028 1320,1057 1372,1058 1372,1035 1352,1033 1338,1026"/>
          <TextEquiv conf="0.92980194">
            <Unicode>fo-</Unicode>
          </TextEquiv>
        </Word>
        <TextEquiv conf="0.88300496">
          <Unicode>cinianos; nam ſi intrinſece æternitas Dei ſucceſſiva fo-</Unicode>
        </TextEquiv>
      </TextLine>
      <TextLine id="region0009_line0017" custom="readingOrder {index:16;}">
        <Coords points="897,1053 890,1058 807,1056 802,1052 789,1052 783,1057 734,1056 723,1051 708,1050 699,1054 668,1049 660,1054 611,1054 574,1052 571,1048 457,1049 458,1089 520,1092 529,1086 535,1086 540,1092 553,1086 587,1091 695,1093 700,1089 713,1087 727,1088 740,1094 918,1097 925,1093 968,1098 975,1095 1010,1094 1098,1098 1111,1103 1122,1103 1137,1110 1181,1102 1215,1103 1241,1109 1267,1107 1274,1110 1280,1107 1301,1106 1306,1103 1312,1103 1316,1107 1335,1108 1367,1116 1388,1114 1388,1074 1366,1074 1360,1069 1329,1068 1321,1073 1294,1072 1280,1067 1269,1067 1263,1071 1224,1070 1218,1065 1209,1064 1201,1069 1188,1068 1179,1073 1168,1068 1152,1067 988,1061 978,1059 969,1054 963,1054 955,1059 915,1058 907,1053"/>
        <Baseline points="458,1078 1045,1088 1388,1103"/>
        <Word id="region0009_line0017_word0000" custom="readingOrder {index:0;}">
          <Coords points="465,1058 523,1059 523,1084 465,1083"/>
          <TextEquiv conf="0.8997443">
            <Unicode>ret,</Unicode>
          </TextEquiv>
        </Word>
        <Word id="region0009_line0017_word0001" custom="readingOrder {index:1;}">
          <Coords points="589,1091 589,1053 537,1052 537,1088 538,1090 544,1090 553,1086 586,1090"/>
          <TextEquiv conf="0.90937394">
            <Unicode>(de</Unicode>
          </TextEquiv>
        </Word>
        <Word id="region0009_line0017_word0002" custom="readingOrder {index:2;}">
          <Coords points="657,1054 611,1054 602,1053 602,1083 769,1086 769,1056 734,1056 732,1055"/>
          <TextEquiv conf="0.8967131">
            <Unicode>extrinſeca</Unicode>
          </TextEquiv>
        </Word>
        <Word id="region0009_line0017_word0003" custom="readingOrder {index:3;}">
          <Coords points="785,1055 783,1057 783,1088 1036,1092 1036,1062 988,1061 978,1059 976,1058 956,1057 955,1059 915,1058 913,1057 891,1056 890,1058 807,1056 806,1055"/>
          <TextEquiv conf="0.86573577">
            <Unicode>denominatione</Unicode>
          </TextEquiv>
        </Word>
        <Word id="region0009_line0017_word0004" custom="readingOrder {index:4;}">
          <Coords points="1052,1070 1116,1071 1116,1092 1052,1091"/>
          <TextEquiv conf="0.91953003">
            <Unicode>non</Unicode>
          </TextEquiv>
        </Word>
        <Word id="region0009_line0017_word0005" custom="readingOrder {index:5;}">
          <Coords points="1283,1104 1283,1068 1280,1067 1269,1067 1263,1071 1224,1070 1218,1065 1209,1064 1201,1069 1188,1068 1179,1073 1168,1068 1152,1067 1128,1066 1128,1101 1181,1102 1181,1102 1184,1102"/>
          <TextEquiv conf="0.89442956">
            <Unicode>quæritur)</Unicode>
          </TextEquiv>
        </Word>
        <Word id="region0009_line0017_word0006" custom="readingOrder {index:6;} textStyle {offset:0; length:5;italic:true; fontSize:0.0; kerning:0;}">
          <Coords points="1373,1105 1373,1074 1366,1074 1360,1069 1329,1068 1321,1073 1296,1072 1296,1103 1306,1103 1306,1103 1312,1103 1312,1103"/>
          <TextEquiv conf="0.63692003">
            <Unicode>mille</Unicode>
          </TextEquiv>
        </Word>
        <TextEquiv conf="0.86034954">
          <Unicode>ret, (de extrinſeca denominatione non quæritur) mille</Unicode>
        </TextEquiv>
      </TextLine>
      <TextLine id="region0009_line0018" custom="readingOrder {index:17;}">
        <Coords points="713,1088 703,1089 692,1095 604,1093 553,1087 540,1093 535,1087 529,1087 520,1093 458,1092 458,1130 671,1131 672,1139 677,1144 719,1144 724,1141 726,1133 928,1137 964,1141 969,1145 979,1145 983,1142 1065,1143 1090,1145 1094,1149 1120,1147 1124,1150 1135,1150 1141,1147 1172,1146 1294,1153 1302,1159 1317,1157 1388,1161 1388,1128 1376,1128 1374,1117 1315,1108 1312,1104 1274,1111 1266,1108 1241,1110 1215,1104 1181,1103 1145,1112 1124,1107 1119,1112 1111,1113 1111,1104 1098,1099 1003,1095 953,1100 947,1096 925,1094 917,1100 901,1101 735,1096 727,1089"/>
        <Baseline points="458,1120 1231,1138 1388,1152"/>
        <Word id="region0009_line0018_word0000" custom="readingOrder {index:0;} textStyle {offset:0; length:4;italic:true; fontSize:0.0; kerning:0;}">
          <Coords points="464,1094 536,1095 535,1126 463,1125"/>
          <TextEquiv conf="0.92727935">
            <Unicode>anni</Unicode>
          </TextEquiv>
        </Word>
        <Word id="region0009_line0018_word0001" custom="readingOrder {index:1;} textStyle {offset:0; length:3;italic:true; fontSize:0.0; kerning:0;}">
          <Coords points="542,1096 604,1097 603,1126 541,1125"/>
          <TextEquiv>
            <Unicode>Deo</Unicode>
          </TextEquiv>
        </Word>
        <Word id="region0009_line0018_word0002" custom="readingOrder {index:2;} textStyle {offset:0; length:3;italic:true; fontSize:0.0; kerning:0;}">
          <Coords points="612,1105 669,1107 669,1128 612,1126"/>
          <TextEquiv conf="0.8572037">
            <Unicode>non</Unicode>
          </TextEquiv>
        </Word>
        <Word id="region0009_line0018_word0003" custom="readingOrder {index:3;} textStyle {offset:0; length:6;italic:true; fontSize:0.0; kerning:0;}">
          <Coords points="693,1094 692,1095 680,1094 680,1139 724,1139 726,1133 764,1133 764,1096 735,1096 733,1094"/>
          <TextEquiv conf="0.6809509">
            <Unicode>eſſent</Unicode>
          </TextEquiv>
        </Word>
        <Word id="region0009_line0018_word0004" custom="readingOrder {index:4;} textStyle {offset:0; length:2;italic:true; fontSize:0.0; kerning:0;}">
          <Coords points="778,1107 813,1107 813,1131 778,1131"/>
          <TextEquiv conf="0.92655295">
            <Unicode>ut</Unicode>
          </TextEquiv>
        </Word>
        <Word id="region0009_line0018_word0005" custom="readingOrder {index:5;} textStyle {offset:0; length:4;italic:true; fontSize:0.0; kerning:0;}">
          <Coords points="826,1110 899,1112 899,1132 826,1130"/>
          <TextEquiv conf="0.9231962">
            <Unicode>unus</Unicode>
          </TextEquiv>
        </Word>
        <Word id="region0009_line0018_word0006" custom="readingOrder {index:6;} textStyle {offset:0; length:5;italic:true; fontSize:0.0; kerning:0;}">
          <Coords points="983,1141 984,1103 911,1102 910,1136 928,1137 961,1140"/>
          <TextEquiv conf="0.8731019">
            <Unicode>dies,</Unicode>
          </TextEquiv>
        </Word>
        <Word id="region0009_line0018_word0007" custom="readingOrder {index:7;}">
          <Coords points="996,1104 1107,1106 1107,1143 995,1141"/>
          <TextEquiv>
            <Unicode>Pſ.XC,</Unicode>
          </TextEquiv>
        </Word>
        <Word id="region0009_line0018_word0008" custom="readingOrder {index:8;}">
          <Coords points="1119,1116 1146,1117 1146,1144 1119,1143"/>
          <TextEquiv conf="0.56734884">
            <Unicode>4.</Unicode>
          </TextEquiv>
        </Word>
        <Word id="region0009_line0018_word0009" custom="readingOrder {index:9;}">
          <Coords points="1170,1107 1191,1107 1191,1136 1170,1136"/>
          <TextEquiv conf="0.0">
            <Unicode>2.</Unicode>
          </TextEquiv>
        </Word>
        <Word id="region0009_line0018_word0010" custom="readingOrder {index:10;}">
          <Coords points="1198,1108 1198,1140 1265,1141 1265,1109 1255,1108 1241,1110 1234,1108"/>
          <TextEquiv conf="0.8407553">
            <Unicode>Pet.</Unicode>
          </TextEquiv>
        </Word>
        <Word id="region0009_line0018_word0011" custom="readingOrder {index:11;}">
          <Coords points="1274,1148 1329,1149 1329,1110 1315,1108 1312,1104 1274,1110"/>
          <TextEquiv>
            <Unicode>III,</Unicode>
          </TextEquiv>
        </Word>
        <Word id="region0009_line0018_word0012" custom="readingOrder {index:12;}">
          <Coords points="1342,1116 1342,1149 1375,1150 1375,1122 1374,1117 1374,1117"/>
          <TextEquiv>
            <Unicode>8.</Unicode>
          </TextEquiv>
        </Word>
        <TextEquiv>
          <Unicode>anni Deo non eſſent ut unus dies, Pſ.XC, 4. 2. Pet. III, 8.</Unicode>
        </TextEquiv>
      </TextLine>
      <TextEquiv>
        <Unicode>tunt contra Jac. I, 17. Nec ſequitur vel (1) Deo attri-
buta &amp; decreta varia competunt, ergo datur in Deo
compoſitio: Attributa enim &amp; decreta Dei, intra Dei-
tatis ſinum, plane nihil ab eſſentia ejus differunt; noſtro
conceptu differunt quidem, ſed non realiter. Vel (2)
In Deo ſunt eſſentia &amp; Perſonæ, ergo eſt compoſitus.
Nam etſi realiter, non tamen eſſentialiter differunt.
Tres illi unum ſunt, 1. Joh. V, 8.
Qu. 4. An Deus ſit omnium rerum creatorum eſſentia?
Neg. contra Weigelianos. Ita enim Deus eſſet com-
poſitus, mutabilis, corruptibilis, contra Malach. lIl, 6.
1. Tim. VI, 16. Aliud eſt, Deus eſſe creaturarum eſſen-
tiam, quod nusquam dicitur; aliud, Eum dare omni-
bus vitam &amp; eſſentiam, Act. XVII. 25. 28. -
Qu. 5. An æternitas Dei ſit ſucceſſiva? Neg. contra So-
cinianos; nam ſi intrinſece æternitas Dei ſucceſſiva fo-
ret, (de extrinſeca denominatione non quæritur) mille
anni Deo non eſſent ut unus dies, Pſ.XC, 4. 2. Pet. III, 8.</Unicode>
      </TextEquiv>
    </TextRegion>
    <TextRegion orientation="-1.084095" readingDirection="left-to-right" id="region0010" custom="readingOrder {index:3;}">
      <Coords points="456,1136 1293,1136 1293,1207 456,1207"/>
      <TextLine id="region0010_line0001" custom="readingOrder {index:0;}">
        <Coords points="1003,1139 995,1146 853,1141 847,1143 843,1150 792,1149 787,1147 779,1138 766,1140 761,1148 672,1145 667,1136 561,1136 556,1142 553,1142 551,1137 529,1137 527,1142 457,1141 456,1183 536,1184 542,1191 558,1190 565,1183 643,1184 817,1189 929,1198 1021,1200 1028,1197 1099,1196 1137,1199 1145,1204 1164,1201 1208,1200 1240,1206 1292,1206 1293,1161 1274,1161 1265,1151 1118,1149 1110,1159 1099,1158 1084,1146 1018,1147 1014,1140"/>
        <Baseline points="456,1173 1292,1196"/>
        <Word id="region0010_line0001_word0000" custom="readingOrder {index:0;}">
          <Coords points="462,1150 522,1151 521,1175 461,1174"/>
          <TextEquiv conf="0.9097497">
            <Unicode>nec</Unicode>
          </TextEquiv>
        </Word>
        <Word id="region0010_line0001_word0001" custom="readingOrder {index:1;}">
          <Coords points="597,1143 535,1142 534,1184 536,1184 536,1184 564,1184 565,1183 596,1183"/>
          <TextEquiv conf="0.91180533">
            <Unicode>ipſa</Unicode>
          </TextEquiv>
        </Word>
        <Word id="region0010_line0001_word0002" custom="readingOrder {index:2;}">
          <Coords points="604,1144 664,1145 663,1177 603,1176"/>
          <TextEquiv conf="0.85430753">
            <Unicode>Dei</Unicode>
          </TextEquiv>
        </Word>
        <Word id="region0010_line0001_word0003" custom="readingOrder {index:3;}">
          <Coords points="761,1146 761,1148 675,1145 675,1177 826,1180 826,1149 792,1149 787,1147"/>
          <TextEquiv conf="0.8792011">
            <Unicode>æternitas</Unicode>
          </TextEquiv>
        </Word>
        <Word id="region0010_line0001_word0004" custom="readingOrder {index:4;}">
          <Coords points="838,1182 912,1184 913,1150 844,1148 843,1150 838,1149"/>
          <TextEquiv conf="0.8045941">
            <Unicode>eſſet</Unicode>
          </TextEquiv>
        </Word>
        <Word id="region0010_line0001_word0005" custom="readingOrder {index:5;}">
          <Coords points="923,1145 1057,1148 1056,1191 922,1188"/>
          <TextEquiv>
            <Unicode>הךךﬦ</Unicode>
          </TextEquiv>
        </Word>
        <Word id="region0010_line0001_word0006" custom="readingOrder {index:6;} textStyle {offset:0; length:6;italic:true; fontSize:0.0; kerning:0;}">
          <Coords points="1068,1154 1067,1193 1206,1195 1207,1156 1113,1154 1110,1159 1099,1158 1094,1154"/>
          <TextEquiv conf="0.81371635">
            <Unicode>hodie,</Unicode>
          </TextEquiv>
        </Word>
        <Word id="region0010_line0001_word0007" custom="readingOrder {index:7;}">
          <Coords points="1214,1158 1255,1158 1254,1195 1213,1194"/>
          <TextEquiv>
            <Unicode>Pſ.II,</Unicode>
          </TextEquiv>
        </Word>
        <Word id="region0010_line0001_word0008" custom="readingOrder {index:8;}">
          <Coords points="1263,1168 1289,1169 1288,1197 1262,1196"/>
          <TextEquiv>
            <Unicode>7.</Unicode>
          </TextEquiv>
        </Word>
        <TextEquiv>
          <Unicode>nec ipſa Dei æternitas eſſet הךךﬦ hodie, Pſ.II, 7.</Unicode>
        </TextEquiv>
      </TextLine>
      <TextEquiv>
        <Unicode>nec ipſa Dei æternitas eſſet הךךﬦ hodie, Pſ.II, 7.</Unicode>
      </TextEquiv>
    </TextRegion>
    <TextRegion orientation="-1.084095" readingDirection="left-to-right" id="TextRegion_1670917091729_508" custom="readingOrder {index:4;}">
      <Coords points="436,1201 1374,1201 1374,2029 436,2029"/>
      <TextLine id="region0011_line0001" custom="readingOrder {index:0;}">
        <Coords points="1038,1188 1031,1199 1015,1197 1009,1201 1007,1207 961,1205 953,1195 942,1196 937,1204 930,1204 923,1194 903,1194 894,1202 850,1198 807,1200 805,1192 800,1188 785,1190 781,1198 733,1196 725,1187 704,1188 698,1196 647,1193 640,1192 634,1187 593,1185 560,1189 547,1185 449,1185 446,1215 455,1220 524,1227 536,1234 542,1227 559,1226 573,1226 580,1230 593,1227 655,1227 681,1231 690,1229 700,1234 746,1235 754,1231 769,1236 839,1239 881,1240 887,1237 901,1237 907,1241 973,1243 993,1248 1029,1246 1051,1241 1089,1247 1099,1243 1108,1243 1115,1247 1129,1247 1141,1244 1154,1247 1161,1244 1177,1244 1182,1248 1198,1246 1234,1250 1237,1256 1245,1260 1257,1259 1265,1252 1280,1252 1287,1249 1304,1253 1374,1254 1374,1218 1315,1215 1309,1208 1299,1208 1289,1214 1277,1203 1261,1204 1252,1214 1203,1212 1196,1203 1186,1202 1178,1210 1138,1211 1136,1202 1132,1199 1107,1198 1092,1201 1088,1208 1063,1207 1064,1194 1061,1190"/>
        <Baseline points="447,1211 1374,1244"/>
        <Word id="region0011_line0001_word0000" custom="readingOrder {index:0;}">
          <Coords points="504,1185 503,1223 595,1224 596,1186 585,1185 560,1189 548,1185"/>
          <TextEquiv conf="0.59669566">
            <Unicode>Qu.6.</Unicode>
          </TextEquiv>
        </Word>
        <Word id="region0011_line0001_word0001" custom="readingOrder {index:1;} textStyle {offset:0; length:2;italic:true; fontSize:0.0; kerning:0;}">
          <Coords points="609,1190 608,1218 654,1218 654,1193 647,1193 640,1192 637,1190"/>
          <TextEquiv conf="0.8771308">
            <Unicode>An</Unicode>
          </TextEquiv>
        </Word>
        <Word id="region0011_line0001_word0002" custom="readingOrder {index:2;} textStyle {offset:0; length:5;italic:true; fontSize:0.0; kerning:0;}">
          <Coords points="703,1188 698,1196 664,1194 664,1218 739,1219 739,1196 733,1196 726,1188"/>
          <TextEquiv conf="0.85324305">
            <Unicode>nulla</Unicode>
          </TextEquiv>
        </Word>
        <Word id="region0011_line0001_word0003" custom="readingOrder {index:3;} textStyle {offset:0; length:8;italic:true; fontSize:0.0; kerning:0;}">
          <Coords points="792,1188 785,1190 781,1198 747,1196 747,1219 883,1222 883,1201 850,1198 807,1200 805,1192 801,1189"/>
          <TextEquiv conf="0.8987231">
            <Unicode>voluntas</Unicode>
          </TextEquiv>
        </Word>
        <Word id="region0011_line0001_word0004" custom="readingOrder {index:4;} textStyle {offset:0; length:7;italic:true; fontSize:0.0; kerning:0;}">
          <Coords points="888,1229 998,1231 998,1206 961,1205 953,1195 942,1196 937,1204 930,1204 923,1194 903,1194 894,1202 888,1201"/>
          <TextEquiv conf="0.903561">
            <Unicode>divina,</Unicode>
          </TextEquiv>
        </Word>
        <Word id="region0011_line0001_word0005" custom="readingOrder {index:5;} textStyle {offset:0; length:5;italic:true; fontSize:0.0; kerning:0;}">
          <Coords points="1011,1226 1082,1227 1082,1207 1063,1207 1064,1194 1061,1190 1038,1188 1031,1199 1015,1197 1011,1199"/>
          <TextEquiv conf="0.39605376">
            <Unicode>licet</Unicode>
          </TextEquiv>
        </Word>
        <Word id="region0011_line0001_word0006" custom="readingOrder {index:6;} textStyle {offset:0; length:10;italic:true; fontSize:0.0; kerning:0;}">
          <Coords points="1092,1239 1286,1242 1286,1211 1277,1203 1261,1204 1252,1214 1203,1212 1196,1203 1186,1202 1178,1210 1138,1211 1136,1202 1132,1199 1107,1198 1092,1200"/>
          <TextEquiv conf="0.79160315">
            <Unicode>liberrima,</Unicode>
          </TextEquiv>
        </Word>
        <Word id="region0011_line0001_word0007" custom="readingOrder {index:7;} textStyle {offset:0; length:3;italic:true; fontSize:0.0; kerning:0;}">
          <Coords points="1253,1242 1283,1242 1283,1209 1277,1203 1261,1204 1253,1212"/>
          <TextEquiv conf="0.8790958">
            <Unicode>ſit</Unicode>
          </TextEquiv>
        </Word>
        <Word id="region0011_line0001_word0008" custom="readingOrder {index:8;} textStyle {offset:0; length:5;italic:true; fontSize:0.0; kerning:0;}">
          <Coords points="1295,1230 1369,1231 1369,1217 1315,1215 1309,1208 1299,1208 1295,1209"/>
          <TextEquiv conf="0.85883594">
            <Unicode>irre-</Unicode>
          </TextEquiv>
        </Word>
        <TextEquiv conf="0.7838825">
          <Unicode>Qu.6. An nulla voluntas divina, licet liberrima, ſit irre-</Unicode>
        </TextEquiv>
      </TextLine>
      <TextLine id="region0011_line0002" custom="readingOrder {index:1;}">
        <Coords points="445,1218 436,1219 436,1275 471,1274 475,1269 495,1264 501,1269 711,1270 721,1276 735,1272 751,1272 757,1276 814,1277 824,1274 833,1274 839,1278 857,1278 873,1276 886,1282 896,1278 907,1278 913,1283 1001,1287 1046,1288 1054,1283 1063,1283 1069,1288 1134,1290 1140,1297 1149,1297 1164,1287 1181,1291 1242,1295 1296,1295 1308,1290 1336,1290 1343,1294 1374,1294 1374,1261 1307,1257 1298,1251 1287,1250 1273,1257 1245,1261 1228,1252 1210,1255 1209,1250 1205,1248 1189,1247 1182,1249 1177,1245 1161,1245 1155,1248 1141,1245 1130,1247 1128,1251 1117,1251 1108,1244 1089,1248 1051,1242 1031,1248 993,1249 955,1243 908,1243 901,1238 887,1238 876,1242 871,1238 770,1238 761,1232 746,1236 700,1235 690,1230 681,1232 621,1228 580,1231 573,1227 559,1227 542,1228 536,1235 524,1228"/>
        <Baseline points="436,1267 514,1258 1374,1285"/>
        <Word id="region0011_line0002_word0000" custom="readingOrder {index:0;} textStyle {offset:0; length:11;italic:true; fontSize:0.0; kerning:0;}">
          <Coords points="453,1228 452,1271 473,1271 475,1269 495,1264 501,1269 603,1269 604,1230 595,1229 580,1231 577,1229 541,1229 536,1235 525,1228"/>
          <TextEquiv conf="0.5769814">
            <Unicode>ſiſtibilis?</Unicode>
          </TextEquiv>
        </Word>
        <Word id="region0011_line0002_word0001" custom="readingOrder {index:1;}">
          <Coords points="615,1232 614,1269 711,1270 715,1272 732,1272 735,1272 743,1272 743,1235 700,1235 696,1233"/>
          <TextEquiv conf="0.8654761">
            <Unicode>Diſting.</Unicode>
          </TextEquiv>
        </Word>
        <Word id="region0011_line0002_word0002" custom="readingOrder {index:2;}">
          <Coords points="756,1233 752,1234 752,1263 836,1265 836,1238 770,1238 762,1233"/>
          <TextEquiv conf="0.9130004">
            <Unicode>inter</Unicode>
          </TextEquiv>
        </Word>
        <Word id="region0011_line0002_word0003" custom="readingOrder {index:3;}">
          <Coords points="848,1266 1042,1270 1042,1244 1031,1248 993,1249 955,1243 908,1243 901,1238 887,1238 876,1242 871,1238 848,1238"/>
          <TextEquiv conf="0.8843024">
            <Unicode>voluntatem</Unicode>
          </TextEquiv>
        </Word>
        <Word id="region0011_line0002_word0004" custom="readingOrder {index:4;}">
          <Coords points="1046,1271 1109,1272 1109,1245 1108,1244 1089,1248 1051,1242 1046,1243"/>
          <TextEquiv conf="0.87767714">
            <Unicode>Dei</Unicode>
          </TextEquiv>
        </Word>
        <Word id="region0011_line0002_word0005" custom="readingOrder {index:5;} textStyle {offset:0; length:9;italic:true; fontSize:0.0; kerning:0;}">
          <Coords points="1114,1281 1273,1284 1274,1257 1273,1257 1245,1261 1228,1252 1210,1255 1209,1250 1205,1248 1189,1247 1182,1249 1177,1245 1161,1245 1155,1248 1141,1245 1130,1247 1128,1251 1117,1251 1115,1249"/>
          <TextEquiv conf="0.3387941">
            <Unicode>abſolutam</Unicode>
          </TextEquiv>
        </Word>
        <Word id="region0011_line0002_word0006" custom="readingOrder {index:6;} textStyle {offset:0; length:1;italic:true; fontSize:0.0; kerning:0;}">
          <Coords points="1288,1274 1302,1275 1302,1254 1298,1251 1288,1250"/>
          <TextEquiv conf="0.9044609">
            <Unicode>&amp;</Unicode>
          </TextEquiv>
        </Word>
        <Word id="region0011_line0002_word0007" custom="readingOrder {index:7;} textStyle {offset:0; length:3;italic:true; fontSize:0.0; kerning:0;}">
          <Coords points="1319,1274 1368,1275 1368,1260 1319,1257"/>
          <TextEquiv conf="0.8938103">
            <Unicode>or-</Unicode>
          </TextEquiv>
        </Word>
        <TextEquiv conf="0.78181285">
          <Unicode>ſiſtibilis? Diſting. inter voluntatem Dei abſolutam &amp; or-</Unicode>
        </TextEquiv>
      </TextLine>
      <TextLine id="region0011_line0003" custom="readingOrder {index:2;}">
        <Coords points="491,1265 486,1269 475,1270 471,1275 436,1276 437,1306 449,1310 467,1303 478,1303 484,1307 528,1308 547,1305 578,1309 593,1306 605,1311 613,1308 623,1308 637,1313 651,1313 663,1309 689,1308 733,1312 746,1318 764,1318 774,1313 783,1312 837,1313 857,1315 865,1319 945,1318 953,1323 967,1323 985,1331 997,1320 1022,1320 1029,1329 1038,1323 1044,1323 1058,1332 1102,1330 1120,1324 1128,1327 1135,1326 1139,1333 1152,1337 1162,1331 1192,1332 1193,1336 1198,1338 1222,1329 1240,1334 1250,1331 1275,1333 1276,1338 1283,1341 1301,1332 1312,1341 1320,1342 1329,1341 1335,1335 1373,1333 1374,1301 1345,1298 1336,1291 1308,1291 1290,1297 1219,1293 1182,1294 1176,1289 1164,1288 1149,1298 1140,1298 1114,1295 1106,1290 1098,1290 1093,1294 1070,1293 1063,1284 1054,1284 1044,1293 1039,1293 971,1290 959,1285 941,1289 913,1284 907,1279 882,1283 873,1277 860,1277 855,1282 840,1281 833,1275 814,1278 758,1278 751,1273 735,1273 721,1277 711,1271 628,1269 588,1272 502,1271"/>
        <Baseline points="437,1296 1374,1324"/>
        <Word id="region0011_line0003_word0000" custom="readingOrder {index:0;} textStyle {offset:0; length:8;italic:true; fontSize:0.0; kerning:0;}">
          <Coords points="674,1308 674,1276 474,1272 471,1275 445,1276 445,1303 466,1303 467,1303 478,1303 479,1304 546,1305 547,1305 549,1305 592,1306 593,1306 594,1306"/>
          <TextEquiv conf="0.56507385">
            <Unicode>dinatam.</Unicode>
          </TextEquiv>
        </Word>
        <Word id="region0011_line0003_word0001" custom="readingOrder {index:1;} textStyle {offset:0; length:4;italic:true; fontSize:0.0; kerning:0;}">
          <Coords points="679,1270 628,1269 624,1269 624,1308 637,1313 651,1313 663,1309 679,1308"/>
          <TextEquiv>
            <Unicode>Act.</Unicode>
          </TextEquiv>
        </Word>
        <Word id="region0011_line0003_word0002" custom="readingOrder {index:2;} textStyle {offset:0; length:4;italic:true; fontSize:0.0; kerning:0;}">
          <Coords points="753,1313 753,1279 683,1278 683,1308 689,1308 733,1312 734,1312"/>
          <TextEquiv conf="0.70838165">
            <Unicode>VII,</Unicode>
          </TextEquiv>
        </Word>
        <Word id="region0011_line0003_word0003" custom="readingOrder {index:3;} textStyle {offset:0; length:3;italic:true; fontSize:0.0; kerning:0;}">
          <Coords points="793,1289 760,1288 760,1314 771,1314 774,1313 783,1312 793,1312"/>
          <TextEquiv conf="0.5672115">
            <Unicode>51.</Unicode>
          </TextEquiv>
        </Word>
        <Word id="region0011_line0003_word0004" custom="readingOrder {index:4;} textStyle {offset:0; length:5;italic:true; fontSize:0.0; kerning:0;}">
          <Coords points="816,1278 816,1307 905,1309 905,1280 901,1279 882,1283 876,1279 858,1278 855,1282 840,1281 837,1278"/>
          <TextEquiv conf="0.81101775">
            <Unicode>ludæi</Unicode>
          </TextEquiv>
        </Word>
        <Word id="region0011_line0003_word0005" custom="readingOrder {index:5;}">
          <Coords points="917,1317 1135,1321 1135,1297 1114,1295 1106,1290 1098,1290 1093,1294 1070,1293 1063,1284 1054,1284 1044,1293 1039,1293 971,1290 959,1285 941,1289 917,1284"/>
          <TextEquiv>
            <Unicode>σϰληϱοτράχηλοι</Unicode>
          </TextEquiv>
        </Word>
        <Word id="region0011_line0003_word0006" custom="readingOrder {index:6;} textStyle {offset:0; length:6;italic:true; fontSize:0.0; kerning:0;}">
          <Coords points="1142,1326 1256,1328 1256,1295 1219,1293 1182,1294 1176,1289 1164,1288 1149,1298 1142,1298"/>
          <TextEquiv conf="0.9084898">
            <Unicode>ſemper</Unicode>
          </TextEquiv>
        </Word>
        <Word id="region0011_line0003_word0007" custom="readingOrder {index:7;} textStyle {offset:0; length:8;italic:true; fontSize:0.0; kerning:0;}">
          <Coords points="1262,1326 1368,1328 1368,1300 1345,1298 1336,1291 1308,1291 1290,1297 1262,1295"/>
          <TextEquiv>
            <Unicode>reſiſte-</Unicode>
          </TextEquiv>
        </Word>
        <TextEquiv>
          <Unicode>dinatam. Act. VII, 51. ludæi σϰληϱοτράχηλοι ſemper reſiſte-</Unicode>
        </TextEquiv>
      </TextLine>
      <TextLine id="region0011_line0004" custom="readingOrder {index:3;}">
        <Coords points="467,1304 458,1306 455,1312 437,1312 437,1347 511,1348 517,1345 539,1348 555,1345 567,1355 576,1352 578,1348 644,1351 660,1349 677,1354 711,1354 721,1351 733,1351 740,1356 756,1356 793,1351 807,1357 837,1359 851,1363 866,1357 873,1361 910,1358 917,1363 982,1365 983,1369 990,1372 1004,1371 1013,1363 1027,1363 1043,1371 1054,1368 1082,1369 1088,1366 1102,1376 1115,1371 1143,1372 1150,1368 1166,1372 1210,1370 1219,1374 1224,1371 1239,1371 1243,1375 1267,1376 1276,1382 1294,1384 1307,1383 1314,1377 1321,1376 1339,1377 1374,1374 1373,1342 1332,1340 1320,1343 1312,1342 1301,1333 1285,1342 1268,1338 1260,1332 1250,1332 1243,1338 1237,1337 1234,1333 1222,1330 1198,1339 1152,1338 1139,1334 1135,1327 1128,1328 1120,1325 1102,1331 1058,1333 1043,1324 1037,1324 1029,1330 1022,1321 997,1321 985,1332 953,1324 945,1319 869,1321 851,1315 783,1313 774,1314 764,1319 746,1319 733,1313 689,1309 663,1310 651,1314 637,1314 623,1309 613,1309 605,1312 593,1307 578,1310 547,1306 485,1311 478,1304"/>
        <Baseline points="437,1337 808,1345 1284,1367 1373,1366"/>
        <Word id="region0011_line0004_word0000" custom="readingOrder {index:0;} textStyle {offset:0; length:4;italic:true; fontSize:0.0; kerning:0;}">
          <Coords points="459,1313 534,1314 533,1345 458,1344"/>
          <TextEquiv>
            <Unicode>bant</Unicode>
          </TextEquiv>
        </Word>
        <Word id="region0011_line0004_word0001" custom="readingOrder {index:1;} textStyle {offset:0; length:8;italic:true; fontSize:0.0; kerning:0;}">
          <Coords points="666,1319 542,1316 541,1347 555,1345 566,1354 568,1354 576,1352 578,1348 644,1351 660,1349 665,1350"/>
          <TextEquiv conf="0.7084091">
            <Unicode>Spiritui</Unicode>
          </TextEquiv>
        </Word>
        <Word id="region0011_line0004_word0002" custom="readingOrder {index:2;}">
          <Coords points="672,1319 701,1319 700,1349 671,1349"/>
          <TextEquiv conf="0.7084091">
            <Unicode>S.</Unicode>
          </TextEquiv>
        </Word>
        <Word id="region0011_line0004_word0003" custom="readingOrder {index:3;}">
          <Coords points="780,1347 780,1316 709,1319 708,1350 785,1351 793,1351 795,1352"/>
          <TextEquiv conf="0.78805846">
            <Unicode>Luc.</Unicode>
          </TextEquiv>
        </Word>
        <Word id="region0011_line0004_word0004" custom="readingOrder {index:4;}">
          <Coords points="893,1322 782,1317 781,1354 837,1359 841,1360 857,1360 866,1357 872,1360 876,1360 893,1359"/>
          <TextEquiv>
            <Unicode>VII,30.</Unicode>
          </TextEquiv>
        </Word>
        <Word id="region0011_line0004_word0005" custom="readingOrder {index:5;} textStyle {offset:0; length:17;italic:true; fontSize:0.0; kerning:0;}">
          <Coords points="907,1321 906,1358 910,1358 915,1362 1011,1364 1013,1363 1027,1363 1030,1364 1193,1368 1193,1338 1152,1338 1139,1334 1135,1327 1128,1328 1121,1325 1118,1325 1102,1331 1058,1333 1043,1324 1037,1324 1029,1330 1023,1323 994,1322 985,1332 953,1324 949,1321"/>
          <TextEquiv conf="0.7934045">
            <Unicode>Phariſæiconſilium</Unicode>
          </TextEquiv>
        </Word>
        <Word id="region0011_line0004_word0006" custom="readingOrder {index:6;} textStyle {offset:0; length:3;italic:true; fontSize:0.0; kerning:0;}">
          <Coords points="1201,1358 1259,1359 1259,1332 1250,1332 1243,1338 1237,1337 1234,1333 1222,1330 1201,1337"/>
          <TextEquiv conf="0.92907405">
            <Unicode>Dei</Unicode>
          </TextEquiv>
        </Word>
        <Word id="region0011_line0004_word0007" custom="readingOrder {index:7;} textStyle {offset:0; length:6;italic:true; fontSize:0.0; kerning:0;}">
          <Coords points="1265,1370 1367,1372 1367,1341 1332,1340 1320,1343 1312,1342 1301,1333 1285,1342 1268,1338 1265,1335"/>
          <TextEquiv conf="0.8839545">
            <Unicode>aſper-</Unicode>
          </TextEquiv>
        </Word>
        <TextEquiv>
          <Unicode>bant Spiritui S. Luc. VII,30. Phariſæiconſilium Dei aſper-</Unicode>
        </TextEquiv>
      </TextLine>
      <TextLine id="region0011_line0005" custom="readingOrder {index:4;}">
        <Coords points="548,1345 536,1351 529,1346 517,1346 502,1351 437,1351 436,1388 518,1388 528,1395 541,1395 548,1390 693,1393 705,1400 718,1394 728,1394 750,1396 752,1402 757,1404 786,1395 851,1401 856,1408 874,1404 880,1411 890,1411 898,1406 921,1406 931,1412 941,1407 963,1405 1011,1406 1032,1409 1040,1416 1052,1412 1065,1413 1067,1410 1109,1409 1199,1414 1204,1409 1211,1408 1229,1415 1264,1415 1277,1419 1374,1421 1373,1391 1364,1391 1356,1383 1312,1381 1294,1385 1276,1383 1261,1378 1244,1378 1239,1372 1224,1372 1216,1376 1210,1371 1194,1371 1188,1376 1178,1376 1169,1375 1158,1369 1131,1374 1112,1373 1101,1377 1088,1367 1070,1371 1054,1369 1043,1372 1027,1364 1013,1364 1004,1372 990,1373 975,1368 918,1367 910,1359 893,1359 885,1363 866,1358 854,1364 840,1361 803,1360 800,1355 793,1352 778,1353 766,1360 745,1359 733,1352 721,1352 706,1356 669,1355 660,1350 650,1349 643,1354 635,1355 594,1351 564,1356 555,1346"/>
        <Baseline points="436,1378 1374,1412"/>
        <Word id="region0011_line0005_word0000" custom="readingOrder {index:0;} textStyle {offset:0; length:4;italic:true; fontSize:0.0; kerning:0;}">
          <Coords points="458,1351 526,1352 525,1383 457,1382"/>
          <TextEquiv conf="0.92552155">
            <Unicode>nati</Unicode>
          </TextEquiv>
        </Word>
        <Word id="region0011_line0005_word0001" custom="readingOrder {index:1;} textStyle {offset:0; length:4;italic:true; fontSize:0.0; kerning:0;}">
          <Coords points="528,1351 527,1393 544,1393 548,1390 604,1391 605,1352 604,1352 589,1352 564,1356 560,1351"/>
          <TextEquiv conf="0.92552155">
            <Unicode>ſunt</Unicode>
          </TextEquiv>
        </Word>
        <Word id="region0011_line0005_word0002" custom="readingOrder {index:2;} textStyle {offset:0; length:8;italic:true; fontSize:0.0; kerning:0;}">
          <Coords points="643,1353 643,1354 635,1355 616,1353 616,1391 693,1393 700,1397 710,1397 718,1394 728,1394 750,1396 750,1397 755,1398 755,1359 745,1359 737,1354 712,1354 706,1356 669,1355 666,1353"/>
          <TextEquiv conf="0.7298184">
            <Unicode>adverſus</Unicode>
          </TextEquiv>
        </Word>
        <Word id="region0011_line0005_word0003" custom="readingOrder {index:3;} textStyle {offset:0; length:11;italic:true; fontSize:0.0; kerning:0;}">
          <Coords points="776,1354 766,1360 761,1360 760,1398 775,1398 786,1395 837,1400 940,1402 941,1367 918,1367 910,1359 893,1359 885,1363 866,1358 854,1364 840,1361 803,1360 800,1355 800,1355"/>
          <TextEquiv conf="0.88130194">
            <Unicode>ſemetipſos,</Unicode>
          </TextEquiv>
        </Word>
        <Word id="region0011_line0005_word0004" custom="readingOrder {index:4;} textStyle {offset:0; length:3;italic:true; fontSize:0.0; kerning:0;}">
          <Coords points="947,1369 946,1391 1003,1392 1003,1372 990,1373 979,1369"/>
          <TextEquiv conf="0.88130194">
            <Unicode>non</Unicode>
          </TextEquiv>
        </Word>
        <Word id="region0011_line0005_word0005" custom="readingOrder {index:5;} textStyle {offset:0; length:9;italic:true; fontSize:0.0; kerning:0;}">
          <Coords points="1010,1401 1159,1404 1159,1370 1158,1369 1131,1374 1112,1373 1101,1377 1088,1367 1070,1371 1054,1369 1043,1372 1027,1364 1013,1364 1010,1365"/>
          <TextEquiv>
            <Unicode>haptizati</Unicode>
          </TextEquiv>
        </Word>
        <Word id="region0011_line0005_word0006" custom="readingOrder {index:6;} textStyle {offset:0; length:1;italic:true; fontSize:0.0; kerning:0;}">
          <Coords points="1165,1375 1164,1394 1183,1394 1183,1376 1178,1376 1169,1375"/>
          <TextEquiv conf="0.89038104">
            <Unicode>a</Unicode>
          </TextEquiv>
        </Word>
        <Word id="region0011_line0005_word0007" custom="readingOrder {index:7;} textStyle {offset:0; length:8;italic:true; fontSize:0.0; kerning:0;}">
          <Coords points="1190,1398 1364,1401 1364,1391 1364,1391 1356,1383 1312,1381 1294,1385 1276,1383 1261,1378 1244,1378 1239,1372 1224,1372 1216,1376 1210,1371 1194,1371 1191,1374"/>
          <TextEquiv>
            <Unicode>lohanne.</Unicode>
          </TextEquiv>
        </Word>
        <TextEquiv>
          <Unicode>nati ſunt adverſus ſemetipſos, non haptizati a lohanne.</Unicode>
        </TextEquiv>
      </TextLine>
      <TextLine id="region0011_line0006" custom="readingOrder {index:5;}">
        <Coords points="511,1389 444,1391 441,1395 441,1424 445,1427 455,1428 460,1432 481,1432 489,1439 526,1442 577,1440 593,1432 600,1432 608,1437 660,1441 702,1441 711,1438 718,1442 955,1452 1018,1453 1027,1448 1058,1447 1067,1454 1125,1457 1158,1455 1168,1459 1190,1457 1195,1460 1278,1462 1284,1455 1295,1460 1374,1461 1372,1428 1302,1423 1274,1424 1272,1418 1264,1416 1257,1417 1254,1424 1233,1423 1230,1416 1211,1409 1206,1409 1199,1415 1199,1422 1185,1421 1181,1418 1151,1421 1138,1420 1135,1413 1120,1410 1103,1412 1101,1417 1074,1417 1061,1413 1040,1417 1032,1410 1011,1407 986,1408 981,1412 975,1406 963,1406 957,1411 947,1412 930,1413 917,1409 880,1412 874,1405 860,1409 813,1406 806,1405 802,1398 786,1396 757,1405 747,1403 743,1397 728,1395 718,1395 708,1401 698,1399 693,1394 685,1394 677,1403 666,1403 652,1401 650,1394 646,1392 634,1393 629,1399 566,1398 545,1394 528,1396 518,1389"/>
        <Baseline points="441,1421 494,1429 600,1426 1373,1452"/>
        <Word id="region0011_line0006_word0000" custom="readingOrder {index:0;}">
          <Coords points="497,1394 496,1434 559,1436 559,1396 554,1395 534,1395 528,1396 526,1394"/>
          <TextEquiv conf="0.85871106">
            <Unicode>Qu.</Unicode>
          </TextEquiv>
        </Word>
        <Word id="region0011_line0006_word0001" custom="readingOrder {index:1;}">
          <Coords points="573,1405 596,1405 595,1432 572,1432"/>
          <TextEquiv conf="0.85871106">
            <Unicode>7.</Unicode>
          </TextEquiv>
        </Word>
        <Word id="word_1670917765772_799" custom="readingOrder {index:2;} textStyle {offset:0; length:2;italic:true; fontSize:0.0; kerning:0;}">
          <Coords points="617,1398 629,1399 631,1396 650,1396 652,1401 666,1403 667,1403 667,1436 617,1436"/>
          <TextEquiv>
            <Unicode>An</Unicode>
          </TextEquiv>
        </Word>
        <Word id="word_1670917765771_798" custom="readingOrder {index:3;} textStyle {offset:0; length:10;italic:true; fontSize:0.0; kerning:0;}">
          <Coords points="667,1403 677,1403 682,1396 696,1397 698,1399 708,1401 713,1397 743,1397 747,1403 757,1405 778,1398 802,1398 806,1405 811,1405 811,1439 667,1436"/>
          <TextEquiv>
            <Unicode>diſtinctio</Unicode>
          </TextEquiv>
        </Word>
        <Word id="region0011_line0006_word0003" custom="readingOrder {index:4;} textStyle {offset:0; length:10;italic:true; fontSize:0.0; kerning:0;}">
          <Coords points="823,1434 985,1437 985,1408 981,1412 975,1406 963,1406 957,1411 947,1412 930,1413 917,1409 880,1412 874,1405 860,1409 823,1406"/>
          <TextEquiv conf="0.68140215">
            <Unicode>voluntatis</Unicode>
          </TextEquiv>
        </Word>
        <Word id="region0011_line0006_word0004" custom="readingOrder {index:5;} textStyle {offset:0; length:3;italic:true; fontSize:0.0; kerning:0;}">
          <Coords points="995,1436 1056,1437 1056,1413 1040,1417 1032,1410 1011,1407 995,1407"/>
          <TextEquiv conf="0.92400086">
            <Unicode>Dei</Unicode>
          </TextEquiv>
        </Word>
        <Word id="region0011_line0006_word0005" custom="readingOrder {index:6;} textStyle {offset:0; length:8;italic:true; fontSize:0.0; kerning:0;}">
          <Coords points="1062,1437 1241,1441 1241,1423 1233,1423 1230,1416 1211,1409 1206,1409 1199,1415 1199,1422 1185,1421 1181,1418 1151,1421 1138,1420 1135,1413 1120,1410 1103,1412 1101,1417 1074,1417 1062,1413"/>
          <TextEquiv conf="0.83445114">
            <Unicode>ordinatæ</Unicode>
          </TextEquiv>
        </Word>
        <Word id="region0011_line0006_word0006" custom="readingOrder {index:7;} textStyle {offset:0; length:2;italic:true; fontSize:0.0; kerning:0;}">
          <Coords points="1212,1452 1238,1452 1238,1423 1233,1423 1230,1416 1212,1409"/>
          <TextEquiv conf="0.535107">
            <Unicode>in</Unicode>
          </TextEquiv>
        </Word>
        <Word id="region0011_line0006_word0007" custom="readingOrder {index:8;} textStyle {offset:0; length:7;italic:true; fontSize:0.0; kerning:0;}">
          <Coords points="1247,1441 1365,1443 1365,1427 1302,1423 1274,1424 1272,1418 1264,1416 1257,1417 1254,1424 1247,1423"/>
          <TextEquiv conf="0.8481737">
            <Unicode>antece-</Unicode>
          </TextEquiv>
        </Word>
        <TextEquiv>
          <Unicode>Qu. 7. An diſtinctio voluntatis Dei ordinatæ in antece-</Unicode>
        </TextEquiv>
      </TextLine>
      <TextLine id="region0011_line0007" custom="readingOrder {index:6;}">
        <Coords points="467,1431 460,1433 458,1440 436,1441 436,1477 503,1478 508,1474 519,1473 526,1477 579,1476 585,1481 593,1482 612,1477 629,1482 673,1477 676,1483 675,1489 679,1492 697,1487 700,1480 712,1480 716,1490 728,1490 739,1484 757,1484 763,1482 813,1486 840,1484 847,1493 860,1489 888,1490 896,1496 908,1495 930,1488 941,1498 952,1497 963,1489 970,1488 1065,1490 1089,1493 1106,1498 1148,1501 1155,1504 1264,1499 1352,1503 1364,1496 1374,1504 1374,1472 1360,1471 1359,1463 1352,1460 1295,1461 1284,1456 1277,1464 1196,1464 1190,1458 1177,1457 1171,1462 1164,1461 1158,1456 1132,1459 1109,1456 1068,1457 1058,1448 1027,1449 1018,1454 926,1454 915,1450 872,1452 804,1445 720,1446 711,1439 702,1442 692,1440 687,1444 667,1444 644,1439 608,1438 600,1433 593,1433 577,1441 526,1443 489,1440 481,1433"/>
        <Baseline points="436,1467 1374,1495"/>
        <Word id="region0011_line0007_word0000" custom="readingOrder {index:0;} textStyle {offset:0; length:6;italic:true; fontSize:0.0; kerning:0;}">
          <Coords points="459,1434 458,1440 454,1440 454,1469 570,1471 570,1441 526,1443 489,1440 482,1434"/>
          <TextEquiv conf="0.90467346">
            <Unicode>dentem</Unicode>
          </TextEquiv>
        </Word>
        <Word id="region0011_line0007_word0001" custom="readingOrder {index:1;} textStyle {offset:0; length:1;italic:true; fontSize:0.0; kerning:0;}">
          <Coords points="586,1436 583,1438 583,1475 622,1476 622,1438 608,1438 605,1436"/>
          <TextEquiv conf="0.90467346">
            <Unicode>&amp;</Unicode>
          </TextEquiv>
        </Word>
        <Word id="region0011_line0007_word0002" custom="readingOrder {index:2;} textStyle {offset:0; length:13;italic:true; fontSize:0.0; kerning:0;}">
          <Coords points="635,1439 634,1481 673,1477 676,1483 676,1485 698,1485 700,1480 712,1480 714,1485 736,1486 739,1484 757,1484 763,1482 813,1486 840,1484 843,1488 857,1488 858,1451 804,1445 720,1446 713,1440 707,1440 702,1442 692,1440 692,1440 687,1444 667,1444 645,1439"/>
          <TextEquiv conf="0.9023141">
            <Unicode>conſequentem,</Unicode>
          </TextEquiv>
        </Word>
        <Word id="region0011_line0007_word0003" custom="readingOrder {index:3;} textStyle {offset:0; length:8;italic:true; fontSize:0.0; kerning:0;}">
          <Coords points="868,1484 1008,1487 1008,1454 926,1454 915,1450 872,1452 868,1451"/>
          <TextEquiv conf="0.9179935">
            <Unicode>repugnet</Unicode>
          </TextEquiv>
        </Word>
        <Word id="region0011_line0007_word0004" custom="readingOrder {index:4;} textStyle {offset:0; length:10;italic:true; fontSize:0.0; kerning:0;}">
          <Coords points="1021,1485 1166,1488 1166,1461 1164,1461 1158,1456 1132,1459 1109,1456 1068,1457 1058,1448 1027,1449 1021,1451"/>
          <TextEquiv conf="0.709594">
            <Unicode>libertati,</Unicode>
          </TextEquiv>
        </Word>
        <Word id="region0011_line0007_word0005" custom="readingOrder {index:5;} textStyle {offset:0; length:11;italic:true; fontSize:0.0; kerning:0;}">
          <Coords points="1175,1482 1366,1486 1366,1471 1360,1471 1359,1463 1352,1460 1295,1461 1284,1456 1277,1464 1196,1464 1190,1458 1177,1457 1175,1458"/>
          <TextEquiv>
            <Unicode>immutabili-</Unicode>
          </TextEquiv>
        </Word>
        <TextEquiv>
          <Unicode>dentem &amp; conſequentem, repugnet libertati, immutabili-</Unicode>
        </TextEquiv>
      </TextLine>
      <TextLine id="region0011_line0008" custom="readingOrder {index:7;}">
        <Coords points="511,1474 503,1479 493,1479 436,1478 437,1517 471,1518 478,1514 488,1514 495,1518 552,1517 571,1518 580,1524 589,1525 607,1517 631,1517 636,1525 646,1524 658,1519 675,1519 697,1524 715,1521 723,1525 755,1525 763,1528 793,1523 812,1527 941,1534 949,1534 956,1530 982,1531 987,1534 1026,1532 1035,1536 1087,1538 1100,1542 1119,1539 1128,1542 1134,1538 1157,1542 1164,1537 1175,1538 1181,1542 1270,1545 1276,1541 1300,1542 1307,1546 1316,1542 1325,1542 1331,1546 1373,1546 1374,1513 1371,1512 1374,1505 1364,1497 1352,1504 1334,1502 1329,1508 1322,1508 1321,1504 1315,1501 1264,1500 1242,1504 1206,1502 1155,1505 1148,1502 1101,1499 1089,1494 1065,1491 970,1489 963,1490 952,1498 941,1499 930,1489 908,1496 896,1497 888,1491 847,1494 840,1485 826,1485 820,1490 803,1489 782,1488 773,1483 763,1483 728,1491 716,1491 712,1481 703,1480 697,1488 679,1493 674,1489 675,1483 673,1478 632,1483 623,1483 611,1478 589,1483 579,1477 527,1480 523,1475"/>
        <Baseline points="437,1507 1374,1536"/>
        <Word id="region0011_line0008_word0000" custom="readingOrder {index:0;} textStyle {offset:0; length:4;italic:true; fontSize:0.0; kerning:0;}">
          <Coords points="455,1480 518,1481 518,1512 455,1511"/>
          <TextEquiv conf="0.848708">
            <Unicode>tati</Unicode>
          </TextEquiv>
        </Word>
        <Word id="region0011_line0008_word0001" custom="readingOrder {index:1;} textStyle {offset:0; length:3;italic:true; fontSize:0.0; kerning:0;}">
          <Coords points="530,1481 578,1482 578,1511 530,1510"/>
          <TextEquiv conf="0.9192857">
            <Unicode>vel</Unicode>
          </TextEquiv>
        </Word>
        <Word id="region0011_line0008_word0002" custom="readingOrder {index:2;} textStyle {offset:0; length:12;italic:true; fontSize:0.0; kerning:0;}">
          <Coords points="584,1482 584,1523 593,1523 607,1517 631,1517 635,1524 643,1524 646,1524 658,1519 675,1519 697,1524 715,1521 723,1525 755,1525 760,1527 769,1527 773,1526 773,1486 752,1486 728,1491 716,1491 713,1485 700,1484 697,1488 679,1493 674,1489 675,1484 631,1483 623,1483 623,1483 593,1482 589,1483 587,1482"/>
          <TextEquiv>
            <Unicode>ſimplicitati</Unicode>
          </TextEquiv>
        </Word>
        <Word id="region0011_line0008_word0003" custom="readingOrder {index:3;} textStyle {offset:0; length:10;italic:true; fontSize:0.0; kerning:0;}">
          <Coords points="824,1486 820,1490 803,1489 789,1488 789,1518 951,1521 951,1498 941,1499 930,1489 908,1496 896,1497 888,1491 847,1494 841,1486"/>
          <TextEquiv conf="0.91472644">
            <Unicode>voluntatis</Unicode>
          </TextEquiv>
        </Word>
        <Word id="region0011_line0008_word0004" custom="readingOrder {index:4;} textStyle {offset:0; length:4;italic:true; fontSize:0.0; kerning:0;}">
          <Coords points="958,1522 1038,1524 1038,1493 961,1491 958,1493"/>
          <TextEquiv conf="0.91133446">
            <Unicode>Dei?</Unicode>
          </TextEquiv>
        </Word>
        <Word id="region0011_line0008_word0005" custom="readingOrder {index:5;}">
          <Coords points="1055,1492 1055,1532 1134,1534 1134,1501 1101,1499 1089,1494 1077,1492"/>
          <TextEquiv conf="0.8810487">
            <Unicode>Neg.</Unicode>
          </TextEquiv>
        </Word>
        <Word id="region0011_line0008_word0006" custom="readingOrder {index:6;}">
          <Coords points="1204,1502 1155,1505 1148,1502 1145,1501 1145,1525 1251,1527 1251,1503 1247,1502 1242,1504 1210,1502"/>
          <TextEquiv conf="0.90152204">
            <Unicode>contra</Unicode>
          </TextEquiv>
        </Word>
        <Word id="region0011_line0008_word0007" custom="readingOrder {index:7;}">
          <Coords points="1263,1528 1366,1530 1366,1498 1364,1497 1352,1504 1334,1502 1329,1508 1322,1508 1321,1504 1315,1501 1264,1500 1263,1500"/>
          <TextEquiv conf="0.89824414">
            <Unicode>Calvi-</Unicode>
          </TextEquiv>
        </Word>
        <TextEquiv>
          <Unicode>tati vel ſimplicitati voluntatis Dei? Neg. contra Calvi-</Unicode>
        </TextEquiv>
      </TextLine>
      <TextLine id="region0011_line0009" custom="readingOrder {index:8;}">
        <Coords points="478,1515 470,1520 437,1519 437,1559 548,1560 560,1556 574,1556 582,1562 606,1567 649,1564 655,1560 664,1561 679,1568 728,1566 825,1570 836,1566 916,1574 938,1575 945,1571 956,1571 962,1575 1042,1578 1066,1578 1076,1574 1091,1578 1105,1575 1121,1590 1127,1589 1136,1582 1181,1582 1190,1579 1208,1582 1239,1581 1249,1586 1287,1586 1298,1583 1316,1583 1323,1587 1336,1583 1345,1584 1353,1588 1374,1587 1373,1554 1335,1549 1325,1543 1316,1543 1308,1547 1300,1543 1276,1542 1265,1547 1181,1543 1175,1539 1164,1538 1157,1543 1134,1539 1128,1543 1121,1540 1100,1543 1094,1540 1059,1537 987,1536 982,1532 956,1531 941,1536 827,1531 813,1529 801,1524 793,1524 785,1529 763,1529 724,1527 715,1522 697,1525 675,1520 658,1520 646,1525 636,1526 631,1518 607,1518 598,1523 584,1526 575,1522 496,1520 488,1515"/>
        <Baseline points="437,1549 1373,1577"/>
        <Word id="region0011_line0009_word0000" custom="readingOrder {index:0;}">
          <Coords points="454,1522 453,1553 579,1555 580,1524 579,1524"/>
          <TextEquiv conf="0.90235496">
            <Unicode>nianos:</Unicode>
          </TextEquiv>
        </Word>
        <Word id="region0011_line0009_word0001" custom="readingOrder {index:1;}">
          <Coords points="599,1525 598,1564 635,1565 637,1565 638,1526 636,1526 636,1526 636,1526"/>
          <TextEquiv>
            <Unicode>(1)</Unicode>
          </TextEquiv>
        </Word>
        <Word id="region0011_line0009_word0002" custom="readingOrder {index:2;}">
          <Coords points="652,1525 651,1563 655,1560 664,1561 669,1563 734,1565 735,1528 724,1527 724,1527"/>
          <TextEquiv conf="0.9148635">
            <Unicode>Quia</Unicode>
          </TextEquiv>
        </Word>
        <Word id="region0011_line0009_word0003" custom="readingOrder {index:3;}">
          <Coords points="786,1529 785,1529 763,1529 753,1528 752,1558 898,1561 899,1534 827,1531 815,1529"/>
          <TextEquiv conf="0.891426">
            <Unicode>voluntas</Unicode>
          </TextEquiv>
        </Word>
        <Word id="region0011_line0009_word0004" custom="readingOrder {index:4;}">
          <Coords points="912,1562 1051,1565 1051,1536 987,1536 982,1532 956,1531 941,1536 912,1534"/>
          <TextEquiv conf="0.9056705">
            <Unicode>ordinata</Unicode>
          </TextEquiv>
        </Word>
        <Word id="region0011_line0009_word0005" custom="readingOrder {index:5;}">
          <Coords points="1194,1543 1181,1543 1175,1539 1164,1538 1157,1543 1134,1539 1128,1543 1121,1540 1100,1543 1094,1540 1066,1537 1066,1578 1076,1574 1091,1578 1105,1575 1109,1579 1184,1580 1190,1579 1194,1579"/>
          <TextEquiv conf="0.9157579">
            <Unicode>reſpicit</Unicode>
          </TextEquiv>
        </Word>
        <Word id="region0011_line0009_word0006" custom="readingOrder {index:6;}">
          <Coords points="1210,1568 1362,1571 1362,1552 1335,1549 1325,1543 1316,1543 1308,1547 1300,1543 1276,1542 1265,1547 1210,1544"/>
          <TextEquiv conf="0.8969059">
            <Unicode>conditio-</Unicode>
          </TextEquiv>
        </Word>
        <TextEquiv>
          <Unicode>nianos: (1) Quia voluntas ordinata reſpicit conditio-</Unicode>
        </TextEquiv>
      </TextLine>
      <TextLine id="region0011_line0010" custom="readingOrder {index:9;}">
        <Coords points="560,1557 547,1562 437,1560 436,1600 535,1603 551,1603 565,1598 576,1602 664,1605 670,1601 683,1601 696,1606 726,1607 736,1603 749,1611 762,1605 810,1605 819,1611 826,1607 839,1607 850,1612 881,1613 925,1619 952,1617 961,1612 969,1612 975,1617 1013,1617 1020,1613 1030,1614 1037,1619 1062,1620 1088,1621 1101,1617 1117,1621 1135,1619 1140,1623 1183,1623 1192,1620 1206,1623 1227,1620 1234,1625 1257,1622 1275,1632 1284,1632 1292,1628 1320,1628 1328,1624 1338,1624 1344,1629 1374,1628 1373,1595 1353,1592 1345,1585 1336,1584 1324,1589 1316,1584 1298,1584 1287,1587 1249,1587 1239,1582 1208,1583 1190,1580 1181,1583 1135,1584 1127,1590 1121,1591 1105,1576 1091,1579 1076,1575 1066,1579 1042,1579 962,1576 956,1572 945,1572 935,1577 874,1574 868,1568 836,1567 825,1571 679,1569 664,1562 655,1561 649,1565 606,1568 581,1563 574,1557"/>
        <Baseline points="436,1590 1374,1618"/>
        <Word id="region0011_line0010_word0000" custom="readingOrder {index:0;}">
          <Coords points="453,1570 540,1571 539,1597 452,1596"/>
          <TextEquiv conf="0.9093167">
            <Unicode>nem,</Unicode>
          </TextEquiv>
        </Word>
        <Word id="region0011_line0010_word0001" custom="readingOrder {index:1;}">
          <Coords points="551,1561 550,1593 720,1597 720,1569 679,1569 667,1563 651,1563 649,1565 606,1568 581,1563 579,1561"/>
          <TextEquiv conf="0.92813057">
            <Unicode>ſecundum</Unicode>
          </TextEquiv>
        </Word>
        <Word id="region0011_line0010_word0002" custom="readingOrder {index:2;}">
          <Coords points="823,1607 824,1577 735,1575 734,1603 736,1603 739,1605 760,1605 762,1605 810,1605 812,1606"/>
          <TextEquiv conf="0.89644676">
            <Unicode>quam</Unicode>
          </TextEquiv>
        </Word>
        <Word id="region0011_line0010_word0003" custom="readingOrder {index:3;}">
          <Coords points="833,1568 831,1568 831,1606 936,1608 936,1576 935,1577 874,1574 868,1568"/>
          <TextEquiv conf="0.8956722">
            <Unicode>libere,</Unicode>
          </TextEquiv>
        </Word>
        <Word id="region0011_line0010_word0004" custom="readingOrder {index:4;}">
          <Coords points="943,1603 1177,1607 1177,1583 1135,1584 1127,1590 1121,1591 1105,1576 1091,1579 1076,1575 1066,1579 1042,1579 962,1576 956,1572 945,1572 943,1572"/>
          <TextEquiv conf="0.90282804">
            <Unicode>immutabiliter</Unicode>
          </TextEquiv>
        </Word>
        <Word id="region0011_line0010_word0005" custom="readingOrder {index:5;}">
          <Coords points="1191,1607 1212,1607 1212,1582 1208,1583 1191,1580"/>
          <TextEquiv conf="0.8608187">
            <Unicode>&amp;</Unicode>
          </TextEquiv>
        </Word>
        <Word id="region0011_line0010_word0006" custom="readingOrder {index:6;}">
          <Coords points="1215,1617 1363,1620 1363,1593 1353,1592 1345,1585 1336,1584 1324,1589 1316,1584 1298,1584 1287,1587 1249,1587 1239,1582 1215,1582"/>
          <TextEquiv>
            <Unicode>ſimplici-</Unicode>
          </TextEquiv>
        </Word>
        <TextEquiv>
          <Unicode>nem, ſecundum quam libere, immutabiliter &amp; ſimplici-</Unicode>
        </TextEquiv>
      </TextLine>
      <TextLine id="region0011_line0011" custom="readingOrder {index:10;}">
        <Coords points="565,1599 551,1604 535,1604 436,1601 436,1640 506,1642 554,1639 561,1644 585,1647 597,1645 609,1650 621,1649 628,1645 669,1645 673,1642 686,1642 697,1646 776,1650 794,1646 859,1647 869,1653 916,1650 946,1653 950,1656 1028,1653 1034,1657 1068,1660 1083,1668 1109,1658 1118,1658 1125,1662 1158,1662 1197,1667 1374,1670 1374,1633 1345,1632 1338,1625 1324,1626 1319,1631 1291,1630 1284,1633 1275,1633 1257,1623 1246,1623 1235,1627 1227,1621 1206,1624 1192,1621 1182,1625 1141,1625 1135,1620 1117,1622 1101,1618 1088,1622 1062,1621 1037,1620 1030,1615 1020,1614 1012,1619 976,1619 969,1613 961,1613 952,1618 925,1620 911,1616 852,1614 839,1608 826,1608 817,1614 810,1606 771,1606 747,1612 736,1604 726,1608 696,1607 683,1602 670,1602 664,1606 600,1604 576,1603"/>
        <Baseline points="436,1630 1374,1660"/>
        <Word id="region0011_line0011_word0000" custom="readingOrder {index:0;}">
          <Coords points="454,1610 505,1611 505,1635 454,1634"/>
          <TextEquiv conf="0.9095594">
            <Unicode>ter</Unicode>
          </TextEquiv>
        </Word>
        <Word id="region0011_line0011_word0001" custom="readingOrder {index:1;}">
          <Coords points="592,1641 593,1605 517,1604 516,1640 534,1640 554,1639 556,1640"/>
          <TextEquiv conf="0.9050685">
            <Unicode>vult,</Unicode>
          </TextEquiv>
        </Word>
        <Word id="region0011_line0011_word0002" custom="readingOrder {index:2;}">
          <Coords points="682,1607 600,1605 599,1646 599,1646 625,1647 628,1645 669,1645 673,1642 681,1642"/>
          <TextEquiv conf="0.9277978">
            <Unicode>quod</Unicode>
          </TextEquiv>
        </Word>
        <Word id="region0011_line0011_word0003" custom="readingOrder {index:3;}">
          <Coords points="690,1608 689,1640 767,1642 768,1610 756,1609 747,1612 743,1609"/>
          <TextEquiv conf="0.918413">
            <Unicode>vult.</Unicode>
          </TextEquiv>
        </Word>
        <Word id="region0011_line0011_word0004" custom="readingOrder {index:4;} textStyle {offset:0; length:4;italic:true; fontSize:0.0; kerning:0;}">
          <Coords points="780,1610 779,1642 847,1643 847,1612 845,1610 822,1610 817,1614 813,1610"/>
          <TextEquiv conf="0.9260864">
            <Unicode>Vult</Unicode>
          </TextEquiv>
        </Word>
        <Word id="region0011_line0011_word0005" custom="readingOrder {index:5;} textStyle {offset:0; length:5;italic:true; fontSize:0.0; kerning:0;}">
          <Coords points="855,1621 947,1623 946,1644 854,1642"/>
          <TextEquiv conf="0.912474">
            <Unicode>omnes</Unicode>
          </TextEquiv>
        </Word>
        <Word id="region0011_line0011_word0006" custom="readingOrder {index:6;} textStyle {offset:0; length:7;italic:true; fontSize:0.0; kerning:0;}">
          <Coords points="953,1644 1075,1646 1075,1621 1062,1621 1037,1620 1030,1615 1020,1614 1012,1619 976,1619 969,1613 961,1613 953,1616"/>
          <TextEquiv conf="0.63053316">
            <Unicode>homines</Unicode>
          </TextEquiv>
        </Word>
        <Word id="region0011_line0011_word0007" custom="readingOrder {index:7;} textStyle {offset:0; length:11;italic:true; fontSize:0.0; kerning:0;}">
          <Coords points="1078,1657 1257,1661 1258,1623 1257,1623 1246,1623 1235,1627 1227,1621 1206,1624 1192,1621 1182,1625 1141,1625 1135,1620 1117,1622 1101,1618 1088,1622 1079,1622"/>
          <TextEquiv>
            <Unicode>ſalvari,ſed</Unicode>
          </TextEquiv>
        </Word>
        <Word id="region0011_line0011_word0008" custom="readingOrder {index:8;}">
          <Coords points="1263,1651 1361,1653 1361,1632 1345,1632 1338,1625 1324,1626 1319,1631 1291,1630 1284,1633 1275,1633 1263,1626"/>
          <TextEquiv conf="0.92958933">
            <Unicode>modo</Unicode>
          </TextEquiv>
        </Word>
        <TextEquiv>
          <Unicode>ter vult, quod vult. Vult omnes homines ſalvari,ſed modo</Unicode>
        </TextEquiv>
      </TextLine>
      <TextLine id="region0011_line0012" custom="readingOrder {index:11;}">
        <Coords points="539,1639 529,1643 436,1644 437,1681 463,1681 471,1687 482,1688 496,1684 508,1677 516,1677 520,1687 524,1688 532,1688 544,1681 559,1678 568,1678 575,1682 596,1680 603,1684 742,1687 759,1684 770,1686 775,1693 780,1693 786,1687 796,1687 803,1693 908,1697 951,1702 1013,1697 1081,1703 1106,1703 1111,1699 1174,1703 1196,1699 1251,1702 1256,1707 1264,1707 1270,1703 1373,1706 1374,1676 1329,1671 1274,1667 1132,1665 1109,1659 1083,1669 1069,1662 1037,1661 1028,1654 971,1655 965,1662 951,1663 950,1657 946,1654 916,1651 892,1651 870,1656 865,1649 859,1648 794,1647 783,1651 761,1650 697,1647 686,1643 609,1651 597,1646 585,1648 561,1645 554,1640"/>
        <Baseline points="437,1671 1373,1699"/>
        <Word id="region0011_line0012_word0000" custom="readingOrder {index:0;} textStyle {offset:0; length:9;italic:true; fontSize:0.0; kerning:0;}">
          <Coords points="480,1643 452,1643 452,1681 463,1681 466,1683 496,1683 508,1677 516,1677 518,1684 537,1684 544,1681 559,1678 568,1678 575,1682 596,1680 603,1684 615,1684 615,1650 609,1651 597,1646 585,1648 561,1645"/>
          <TextEquiv conf="0.8269191">
            <Unicode>agnoſcant</Unicode>
          </TextEquiv>
        </Word>
        <Word id="region0011_line0012_word0001" custom="readingOrder {index:1;} textStyle {offset:0; length:10;italic:true; fontSize:0.0; kerning:0;}">
          <Coords points="635,1648 622,1650 622,1684 746,1686 759,1684 770,1686 771,1687 784,1687 784,1651 783,1651 783,1651 782,1651"/>
          <TextEquiv conf="0.8941403">
            <Unicode>veritatem,</Unicode>
          </TextEquiv>
        </Word>
        <Word id="region0011_line0012_word0002" custom="readingOrder {index:2;}">
          <Coords points="791,1662 809,1662 809,1682 791,1682"/>
          <TextEquiv conf="0.8442636">
            <Unicode>1.</Unicode>
          </TextEquiv>
        </Word>
        <Word id="region0011_line0012_word0003" custom="readingOrder {index:3;}">
          <Coords points="817,1652 817,1688 939,1690 939,1654 882,1653 870,1656 867,1652"/>
          <TextEquiv conf="0.26916137">
            <Unicode>Tim.II,</Unicode>
          </TextEquiv>
        </Word>
        <Word id="region0011_line0012_word0004" custom="readingOrder {index:4;}">
          <Coords points="946,1666 977,1667 976,1694 945,1693"/>
          <TextEquiv conf="0.781241">
            <Unicode>4.</Unicode>
          </TextEquiv>
        </Word>
        <Word id="region0011_line0012_word0005" custom="readingOrder {index:5;} textStyle {offset:0; length:3;italic:true; fontSize:0.0; kerning:0;}">
          <Coords points="993,1685 1058,1686 1058,1661 1037,1661 1028,1654 993,1654"/>
          <TextEquiv conf="0.723859">
            <Unicode>Non</Unicode>
          </TextEquiv>
        </Word>
        <Word id="region0011_line0012_word0006" custom="readingOrder {index:6;} textStyle {offset:0; length:4;italic:true; fontSize:0.0; kerning:0;}">
          <Coords points="1065,1688 1131,1689 1131,1664 1109,1659 1083,1669 1069,1662 1065,1661"/>
          <TextEquiv conf="0.723859">
            <Unicode>vult</Unicode>
          </TextEquiv>
        </Word>
        <Word id="region0011_line0012_word0007" custom="readingOrder {index:7;} textStyle {offset:0; length:6;italic:true; fontSize:0.0; kerning:0;}">
          <Coords points="1136,1688 1254,1690 1254,1666 1136,1665"/>
          <TextEquiv conf="0.9280659">
            <Unicode>mortem</Unicode>
          </TextEquiv>
        </Word>
        <Word id="region0011_line0012_word0008" custom="readingOrder {index:8;} textStyle {offset:0; length:6;italic:true; fontSize:0.0; kerning:0;} sic {offset:0; length:6;}">
          <Coords points="1257,1698 1361,1700 1361,1674 1329,1671 1274,1667 1257,1666"/>
          <TextEquiv conf="0.35076737">
            <Unicode>peoca-</Unicode>
          </TextEquiv>
        </Word>
        <TextEquiv conf="0.70469743">
          <Unicode>agnoſcant veritatem, 1. Tim.II, 4. Non vult mortem peoca-</Unicode>
        </TextEquiv>
      </TextLine>
      <TextLine id="region0011_line0013" custom="readingOrder {index:12;}">
        <Coords points="508,1678 501,1681 498,1686 482,1689 470,1688 463,1682 437,1683 437,1723 456,1724 463,1716 468,1716 477,1723 520,1719 536,1728 572,1724 664,1728 672,1724 698,1724 713,1729 748,1730 754,1726 785,1727 793,1732 856,1738 971,1737 1043,1741 1049,1738 1072,1742 1077,1739 1096,1739 1102,1744 1109,1740 1141,1741 1148,1745 1185,1742 1191,1746 1204,1747 1260,1748 1275,1744 1283,1749 1313,1746 1325,1752 1348,1757 1373,1755 1373,1707 1270,1704 1264,1708 1256,1708 1251,1703 1196,1700 1183,1705 1145,1705 1139,1701 1111,1700 1105,1705 1082,1705 1021,1698 951,1703 908,1698 803,1694 796,1688 786,1688 780,1694 775,1694 770,1687 759,1685 748,1685 740,1690 630,1688 604,1687 596,1681 586,1681 576,1686 568,1679 552,1680 542,1686 524,1689 519,1687 516,1678"/>
        <Baseline points="437,1713 1373,1746"/>
        <Word id="region0011_line0013_word0000" custom="readingOrder {index:0;} textStyle {offset:0; length:6;italic:true; fontSize:0.0; kerning:0;}">
          <Coords points="453,1683 452,1719 460,1719 463,1716 468,1716 472,1719 512,1719 520,1719 521,1719 537,1720 537,1686 524,1689 519,1687 517,1683 499,1683 498,1686 482,1689 470,1688 464,1683"/>
          <TextEquiv conf="0.9224248">
            <Unicode>toris,</Unicode>
          </TextEquiv>
        </Word>
        <Word id="region0011_line0013_word0001" custom="readingOrder {index:1;} textStyle {offset:0; length:3;italic:true; fontSize:0.0; kerning:0;}">
          <Coords points="546,1683 542,1686 537,1686 537,1724 567,1724 572,1724 594,1724 595,1684 580,1683 576,1686 573,1683"/>
          <TextEquiv conf="0.9287886">
            <Unicode>ſed</Unicode>
          </TextEquiv>
        </Word>
        <Word id="region0011_line0013_word0002" custom="readingOrder {index:2;}">
          <Coords points="601,1697 671,1699 671,1719 601,1717"/>
          <TextEquiv conf="0.90375686">
            <Unicode>cum</Unicode>
          </TextEquiv>
        </Word>
        <Word id="region0011_line0013_word0003" custom="readingOrder {index:3;}">
          <Coords points="742,1688 740,1690 679,1688 679,1724 698,1724 699,1724 870,1728 870,1696 803,1694 797,1689 784,1689 780,1694 775,1694 771,1688"/>
          <TextEquiv conf="0.90817076">
            <Unicode>conditione,</Unicode>
          </TextEquiv>
        </Word>
        <Word id="region0011_line0013_word0004" custom="readingOrder {index:4;} textStyle {offset:0; length:2;italic:true; fontSize:0.0; kerning:0;}">
          <Coords points="874,1700 908,1700 908,1723 874,1723"/>
          <TextEquiv conf="0.91381145">
            <Unicode>ut</Unicode>
          </TextEquiv>
        </Word>
        <Word id="region0011_line0013_word0005" custom="readingOrder {index:5;} textStyle {offset:0; length:12;italic:true; fontSize:0.0; kerning:0;}">
          <Coords points="997,1699 951,1703 915,1698 915,1730 1108,1734 1108,1702 1105,1705 1082,1705 1044,1700"/>
          <TextEquiv conf="0.73226255">
            <Unicode>convertatur,</Unicode>
          </TextEquiv>
        </Word>
        <Word id="region0011_line0013_word0006" custom="readingOrder {index:6;}">
          <Coords points="1220,1743 1220,1701 1196,1700 1183,1705 1145,1705 1139,1701 1132,1700 1132,1740 1141,1741 1142,1742 1178,1742 1185,1742 1185,1742"/>
          <TextEquiv>
            <Unicode>Ezech.</Unicode>
          </TextEquiv>
        </Word>
        <Word id="region0011_line0013_word0007" custom="readingOrder {index:7;}">
          <Coords points="1238,1704 1238,1742 1360,1744 1360,1706 1311,1705 1269,1704 1264,1708 1256,1708 1252,1704"/>
          <TextEquiv conf="0.2837097">
            <Unicode>XXXIII,</Unicode>
          </TextEquiv>
        </Word>
        <TextEquiv>
          <Unicode>toris, ſed cum conditione, ut convertatur, Ezech. XXXIII,</Unicode>
        </TextEquiv>
      </TextLine>
      <TextLine id="region0011_line0014" custom="readingOrder {index:13;}">
        <Coords points="463,1717 456,1725 437,1724 436,1763 485,1763 492,1760 544,1764 557,1761 569,1769 583,1765 627,1767 644,1764 659,1766 663,1769 704,1769 715,1773 734,1771 746,1765 757,1771 806,1773 817,1780 830,1778 838,1781 847,1780 851,1773 858,1772 871,1778 905,1779 925,1777 941,1782 999,1779 1107,1785 1114,1780 1137,1780 1148,1784 1154,1780 1162,1780 1177,1786 1220,1789 1241,1790 1250,1786 1262,1789 1274,1787 1280,1796 1295,1793 1324,1793 1329,1790 1339,1790 1343,1794 1374,1794 1373,1756 1348,1758 1326,1754 1313,1747 1294,1752 1284,1751 1275,1745 1268,1745 1259,1750 1246,1750 1191,1748 1185,1743 1171,1742 1166,1746 1148,1746 1141,1742 1109,1741 1102,1745 1096,1740 1077,1740 1072,1743 1056,1739 1043,1742 856,1739 837,1736 794,1735 785,1728 754,1727 747,1732 725,1732 698,1725 672,1725 656,1730 554,1726 536,1729 520,1720 477,1724 471,1718"/>
        <Baseline points="436,1753 1374,1784"/>
        <Word id="region0011_line0014_word0000" custom="readingOrder {index:0;}">
          <Coords points="461,1719 456,1725 450,1724 450,1756 485,1756 485,1723 477,1724 472,1719"/>
          <TextEquiv>
            <Unicode>11.</Unicode>
          </TextEquiv>
        </Word>
        <Word id="region0011_line0014_word0001" custom="readingOrder {index:1;}">
          <Coords points="506,1725 505,1761 539,1763 545,1763 557,1761 561,1764 615,1765 615,1728 554,1726 536,1729 529,1725"/>
          <TextEquiv conf="0.8849727">
            <Unicode>Itaque</Unicode>
          </TextEquiv>
        </Word>
        <Word id="region0011_line0014_word0002" custom="readingOrder {index:2;}">
          <Coords points="660,1728 656,1730 627,1728 627,1762 721,1764 721,1731 716,1729"/>
          <TextEquiv conf="0.6551282">
            <Unicode>nulla,</Unicode>
          </TextEquiv>
        </Word>
        <Word id="region0011_line0014_word0003" custom="readingOrder {index:3;}">
          <Coords points="752,1728 747,1732 732,1732 731,1758 786,1759 787,1730 786,1729"/>
          <TextEquiv conf="0.93016464">
            <Unicode>niſi</Unicode>
          </TextEquiv>
        </Word>
        <Word id="region0011_line0014_word0004" custom="readingOrder {index:4;}">
          <Coords points="799,1740 953,1743 952,1773 798,1770"/>
          <TextEquiv conf="0.9226745">
            <Unicode>apparens,</Unicode>
          </TextEquiv>
        </Word>
        <Word id="region0011_line0014_word0005" custom="readingOrder {index:5;}">
          <Coords points="965,1766 1162,1770 1162,1746 1148,1746 1141,1742 1109,1741 1102,1745 1096,1740 1077,1740 1072,1743 1056,1739 1043,1742 965,1740"/>
          <TextEquiv conf="0.66587603">
            <Unicode>contradictio</Unicode>
          </TextEquiv>
        </Word>
        <Word id="region0011_line0014_word0006" custom="readingOrder {index:6;}">
          <Coords points="1173,1769 1256,1771 1256,1750 1246,1750 1191,1748 1185,1743 1173,1742"/>
          <TextEquiv conf="0.8579467">
            <Unicode>inter</Unicode>
          </TextEquiv>
        </Word>
        <Word id="region0011_line0014_word0007" custom="readingOrder {index:7;}">
          <Coords points="1266,1781 1359,1783 1359,1757 1348,1758 1326,1754 1313,1747 1294,1752 1284,1751 1275,1745 1268,1745 1266,1745"/>
          <TextEquiv conf="0.8309594">
            <Unicode>ipſius</Unicode>
          </TextEquiv>
        </Word>
        <TextEquiv>
          <Unicode>11. Itaque nulla, niſi apparens, contradictio inter ipſius</Unicode>
        </TextEquiv>
      </TextLine>
      <TextLine id="region0011_line0015" custom="readingOrder {index:14;}">
        <Coords points="554,1762 536,1766 522,1765 518,1762 492,1761 481,1765 436,1764 436,1800 570,1806 577,1802 588,1802 594,1806 674,1813 696,1811 704,1815 717,1815 725,1806 746,1806 753,1810 759,1807 772,1808 789,1817 842,1815 848,1812 875,1818 913,1817 931,1814 938,1818 951,1819 1039,1823 1088,1824 1100,1819 1111,1819 1119,1824 1215,1824 1224,1832 1233,1826 1240,1827 1247,1832 1269,1828 1276,1832 1374,1836 1374,1796 1343,1795 1339,1791 1295,1794 1280,1797 1274,1788 1262,1790 1250,1787 1241,1791 1220,1790 1177,1787 1162,1781 1154,1781 1148,1785 1137,1781 1114,1781 1107,1786 1022,1781 941,1783 925,1778 905,1780 871,1779 858,1773 851,1774 847,1781 838,1782 830,1779 817,1781 806,1774 757,1772 746,1766 734,1772 715,1774 663,1770 659,1767 644,1765 569,1770"/>
        <Baseline points="436,1791 1374,1825"/>
        <Word id="region0011_line0015_word0000" custom="readingOrder {index:0;}">
          <Coords points="450,1767 534,1768 533,1798 449,1797"/>
          <TextEquiv conf="0.88891035">
            <Unicode>velle</Unicode>
          </TextEquiv>
        </Word>
        <Word id="region0011_line0015_word0001" custom="readingOrder {index:1;}">
          <Coords points="547,1767 546,1797 576,1798 576,1769 569,1770 564,1767"/>
          <TextEquiv conf="0.91868836">
            <Unicode>&amp;</Unicode>
          </TextEquiv>
        </Word>
        <Word id="region0011_line0015_word0002" custom="readingOrder {index:2;}">
          <Coords points="597,1768 590,1769 589,1803 590,1803 684,1805 685,1772 663,1770 662,1770"/>
          <TextEquiv conf="0.92365885">
            <Unicode>nolle,</Unicode>
          </TextEquiv>
        </Word>
        <Word id="region0011_line0015_word0003" custom="readingOrder {index:3;}">
          <Coords points="743,1767 734,1772 715,1774 697,1772 697,1809 721,1809 725,1806 746,1806 753,1810 759,1807 767,1807 767,1772 757,1772 748,1767"/>
          <TextEquiv conf="0.9300779">
            <Unicode>quia</Unicode>
          </TextEquiv>
        </Word>
        <Word id="region0011_line0015_word0004" custom="readingOrder {index:4;}">
          <Coords points="782,1809 863,1810 863,1775 858,1773 851,1774 847,1781 838,1782 830,1779 817,1781 806,1774 782,1773"/>
          <TextEquiv conf="0.8556731">
            <Unicode>quod</Unicode>
          </TextEquiv>
        </Word>
        <Word id="region0011_line0015_word0005" custom="readingOrder {index:5;}">
          <Coords points="872,1805 940,1806 940,1782 925,1778 905,1780 872,1779"/>
          <TextEquiv conf="0.77387625">
            <Unicode>vult</Unicode>
          </TextEquiv>
        </Word>
        <Word id="region0011_line0015_word0006" custom="readingOrder {index:6;}">
          <Coords points="952,1805 1035,1807 1036,1784 967,1782 952,1782"/>
          <TextEquiv conf="0.9061847">
            <Unicode>certa</Unicode>
          </TextEquiv>
        </Word>
        <Word id="region0011_line0015_word0007" custom="readingOrder {index:7;}">
          <Coords points="1046,1813 1234,1816 1234,1790 1220,1790 1177,1787 1162,1781 1154,1781 1148,1785 1137,1781 1114,1781 1107,1786 1046,1782"/>
          <TextEquiv conf="0.8383612">
            <Unicode>conditione,</Unicode>
          </TextEquiv>
        </Word>
        <Word id="region0011_line0015_word0008" custom="readingOrder {index:8;}">
          <Coords points="1246,1812 1277,1812 1277,1793 1274,1788 1262,1790 1250,1787 1246,1788"/>
          <TextEquiv conf="0.90773696">
            <Unicode>id</Unicode>
          </TextEquiv>
        </Word>
        <Word id="region0011_line0015_word0009" custom="readingOrder {index:9;}">
          <Coords points="1289,1814 1356,1815 1356,1795 1343,1795 1339,1791 1295,1794 1289,1795"/>
          <TextEquiv conf="0.91121805">
            <Unicode>non</Unicode>
          </TextEquiv>
        </Word>
        <TextEquiv conf="0.88543856">
          <Unicode>velle &amp; nolle, quia quod vult certa conditione, id non</Unicode>
        </TextEquiv>
      </TextLine>
      <TextLine id="region0011_line0016" custom="readingOrder {index:15;}">
        <Coords points="577,1803 566,1809 510,1806 505,1803 436,1804 437,1843 568,1848 584,1844 622,1844 636,1850 670,1851 684,1847 701,1850 719,1847 725,1851 784,1852 869,1860 921,1861 929,1857 939,1857 945,1861 965,1861 1019,1857 1026,1863 1037,1863 1044,1868 1054,1869 1068,1864 1194,1870 1222,1870 1229,1866 1246,1871 1262,1871 1266,1868 1302,1869 1307,1872 1374,1872 1374,1840 1281,1834 1269,1829 1247,1834 1240,1828 1233,1827 1224,1833 1215,1825 1123,1826 1111,1820 1100,1820 1080,1827 951,1820 938,1819 931,1815 882,1821 866,1820 858,1813 848,1813 839,1818 807,1815 789,1818 772,1809 759,1808 753,1811 746,1807 725,1807 717,1816 704,1816 696,1812 674,1814 595,1808 588,1803"/>
        <Baseline points="436,1833 1374,1863"/>
        <Word id="region0011_line0016_word0000" custom="readingOrder {index:0;}">
          <Coords points="448,1809 521,1810 521,1839 448,1838"/>
          <TextEquiv conf="0.9115616">
            <Unicode>vult</Unicode>
          </TextEquiv>
        </Word>
        <Word id="region0011_line0016_word0001" custom="readingOrder {index:1;}">
          <Coords points="568,1807 566,1809 534,1807 534,1839 640,1841 640,1811 597,1808"/>
          <TextEquiv conf="0.9130487">
            <Unicode>eadem</Unicode>
          </TextEquiv>
        </Word>
        <Word id="region0011_line0016_word0002" custom="readingOrder {index:2;}">
          <Coords points="721,1811 717,1816 704,1816 696,1812 674,1814 656,1812 656,1844 834,1847 834,1817 807,1815 789,1818 777,1812"/>
          <TextEquiv conf="0.91026086">
            <Unicode>conditione</Unicode>
          </TextEquiv>
        </Word>
        <Word id="region0011_line0016_word0003" custom="readingOrder {index:3;}">
          <Coords points="847,1815 847,1847 879,1848 879,1820 866,1820 860,1815"/>
          <TextEquiv conf="0.88144803">
            <Unicode>in</Unicode>
          </TextEquiv>
        </Word>
        <Word id="region0011_line0016_word0004" custom="readingOrder {index:4;}">
          <Coords points="895,1847 961,1848 961,1820 951,1820 938,1819 931,1815 895,1819"/>
          <TextEquiv conf="0.91686213">
            <Unicode>actu</Unicode>
          </TextEquiv>
        </Word>
        <Word id="region0011_line0016_word0005" custom="readingOrder {index:5;}">
          <Coords points="973,1826 1037,1827 1037,1848 973,1847"/>
          <TextEquiv conf="0.9091954">
            <Unicode>non</Unicode>
          </TextEquiv>
        </Word>
        <Word id="region0011_line0016_word0006" custom="readingOrder {index:6;}">
          <Coords points="1047,1859 1150,1861 1150,1825 1123,1826 1111,1820 1100,1820 1080,1827 1047,1825"/>
          <TextEquiv conf="0.88776237">
            <Unicode>poſita.</Unicode>
          </TextEquiv>
        </Word>
        <Word id="region0011_line0016_word0007" custom="readingOrder {index:7;} textStyle {offset:0; length:6;italic:true; fontSize:0.0; kerning:0;}">
          <Coords points="1184,1854 1281,1855 1282,1834 1281,1834 1269,1829 1247,1834 1240,1828 1233,1827 1224,1833 1215,1825 1185,1825"/>
          <TextEquiv conf="0.8929747">
            <Unicode>Voluit</Unicode>
          </TextEquiv>
        </Word>
        <Word id="region0011_line0016_word0008" custom="readingOrder {index:8;} textStyle {offset:0; length:4;italic:true; fontSize:0.0; kerning:0;}">
          <Coords points="1288,1853 1355,1855 1355,1838 1288,1834"/>
          <TextEquiv conf="0.8929747">
            <Unicode>con-</Unicode>
          </TextEquiv>
        </Word>
        <TextEquiv conf="0.90178764">
          <Unicode>vult eadem conditione in actu non poſita. Voluit con-</Unicode>
        </TextEquiv>
      </TextLine>
      <TextLine id="region0011_line0017" custom="readingOrder {index:16;}">
        <Coords points="615,1845 551,1850 436,1846 437,1891 472,1891 481,1888 482,1885 495,1891 506,1893 522,1888 569,1884 577,1888 594,1885 606,1886 611,1889 650,1888 661,1897 673,1896 680,1887 686,1887 700,1891 705,1896 714,1898 721,1891 730,1888 758,1888 763,1892 786,1893 815,1892 819,1896 854,1902 930,1897 968,1897 992,1902 1006,1902 1012,1898 1105,1900 1119,1901 1124,1906 1155,1904 1178,1916 1248,1912 1260,1907 1274,1907 1278,1912 1286,1909 1299,1912 1313,1909 1320,1914 1338,1915 1343,1911 1352,1911 1362,1916 1373,1916 1374,1876 1308,1875 1302,1870 1266,1869 1260,1875 1256,1875 1247,1874 1237,1868 1229,1867 1221,1872 1068,1865 1054,1870 1044,1869 1036,1864 1026,1864 1019,1858 966,1862 945,1862 939,1858 929,1858 920,1864 914,1863 784,1853 726,1853 719,1848 701,1851 683,1848 669,1853 654,1853 629,1850 622,1845"/>
        <Baseline points="437,1880 466,1876 768,1881 866,1890 1124,1893 1185,1904 1374,1905"/>
        <Word id="region0011_line0017_word0000" custom="readingOrder {index:0;} textStyle {offset:0; length:7;italic:true; fontSize:0.0; kerning:0;}">
          <Coords points="569,1857 447,1855 447,1887 481,1888 482,1885 488,1888 521,1888 522,1888 569,1884"/>
          <TextEquiv>
            <Unicode>gregare</Unicode>
          </TextEquiv>
        </Word>
        <Word id="region0011_line0017_word0001" custom="readingOrder {index:1;} textStyle {offset:0; length:17;italic:true; fontSize:0.0; kerning:0;}">
          <Coords points="577,1850 577,1888 594,1885 606,1886 611,1889 650,1888 656,1893 674,1894 680,1887 686,1887 700,1891 703,1894 717,1894 721,1891 730,1888 758,1888 763,1892 786,1893 815,1892 819,1896 825,1897 866,1898 866,1859 807,1854 671,1851 669,1853 654,1853 639,1851"/>
          <TextEquiv>
            <Unicode>Hieroſolymitanos,</Unicode>
          </TextEquiv>
        </Word>
        <Word id="region0011_line0017_word0002" custom="readingOrder {index:2;} textStyle {offset:0; length:4;italic:true; fontSize:0.0; kerning:0;}">
          <Coords points="927,1858 920,1864 914,1863 871,1859 871,1889 952,1890 952,1862 945,1862 940,1858"/>
          <TextEquiv conf="0.92689633">
            <Unicode>modo</Unicode>
          </TextEquiv>
        </Word>
        <Word id="region0011_line0017_word0003" custom="readingOrder {index:3;}">
          <Coords points="959,1888 1057,1890 1057,1868 1054,1870 1044,1869 1036,1864 1026,1864 1019,1858 966,1862 959,1862"/>
          <TextEquiv conf="0.90457964">
            <Unicode>velint</Unicode>
          </TextEquiv>
        </Word>
        <Word id="region0011_line0017_word0004" custom="readingOrder {index:4;}">
          <Coords points="1258,1904 1258,1875 1256,1875 1247,1874 1237,1868 1229,1867 1221,1872 1068,1865 1064,1866 1064,1899 1105,1900 1119,1901 1119,1901"/>
          <TextEquiv conf="0.916436">
            <Unicode>congregari;</Unicode>
          </TextEquiv>
        </Word>
        <Word id="region0011_line0017_word0005" custom="readingOrder {index:5;}">
          <Coords points="1268,1900 1355,1902 1355,1875 1308,1875 1302,1870 1268,1869"/>
          <TextEquiv conf="0.879958">
            <Unicode>idem</Unicode>
          </TextEquiv>
        </Word>
        <TextEquiv>
          <Unicode>gregare Hieroſolymitanos, modo velint congregari; idem</Unicode>
        </TextEquiv>
      </TextLine>
      <TextLine id="region0011_line0018" custom="readingOrder {index:17;}">
        <Coords points="562,1885 552,1890 519,1890 506,1894 490,1889 437,1892 436,1923 464,1925 473,1920 482,1920 492,1924 548,1929 564,1925 571,1930 634,1933 640,1936 652,1936 658,1929 665,1929 673,1934 759,1932 817,1936 822,1933 835,1933 840,1937 880,1941 897,1937 918,1946 927,1943 998,1943 1013,1938 1039,1945 1050,1937 1057,1942 1067,1941 1077,1947 1124,1952 1132,1951 1169,1956 1184,1956 1192,1950 1203,1949 1212,1956 1269,1954 1277,1960 1289,1953 1298,1954 1304,1949 1325,1950 1332,1954 1374,1955 1373,1917 1362,1917 1352,1912 1343,1912 1338,1916 1333,1916 1320,1915 1313,1910 1299,1913 1286,1910 1278,1913 1274,1908 1260,1908 1248,1913 1178,1917 1155,1905 1124,1907 1119,1902 1105,1901 1012,1899 1006,1903 930,1898 893,1903 853,1903 847,1900 820,1899 815,1893 806,1891 794,1896 764,1896 758,1889 730,1889 721,1892 714,1899 708,1899 696,1895 690,1889 680,1888 673,1897 661,1898 655,1894 618,1892 606,1887 594,1886 587,1891 581,1891 573,1886"/>
        <Baseline points="436,1915 1374,1945"/>
        <Word id="region0011_line0018_word0000" custom="readingOrder {index:0;}">
          <Coords points="511,1923 511,1903 446,1902 446,1922 468,1922 473,1920 482,1920 488,1922"/>
          <TextEquiv conf="0.9131824">
            <Unicode>non</Unicode>
          </TextEquiv>
        </Word>
        <Word id="region0011_line0018_word0001" custom="readingOrder {index:1;}">
          <Coords points="628,1931 629,1895 520,1893 519,1926 548,1929 564,1925 570,1929"/>
          <TextEquiv conf="0.90884376">
            <Unicode>voluit,</Unicode>
          </TextEquiv>
        </Word>
        <Word id="region0011_line0018_word0002" custom="readingOrder {index:2;}">
          <Coords points="636,1895 635,1933 638,1935 652,1935 658,1929 665,1929 673,1934 705,1933 705,1898 698,1895 674,1895 673,1897 661,1898 656,1895"/>
          <TextEquiv conf="0.90311134">
            <Unicode>quia</Unicode>
          </TextEquiv>
        </Word>
        <Word id="region0011_line0018_word0003" custom="readingOrder {index:3;} textStyle {offset:0; length:4;italic:true; fontSize:0.0; kerning:0;}">
          <Coords points="713,1928 754,1928 755,1898 715,1898 714,1899 714,1899"/>
          <TextEquiv conf="0.90311134">
            <Unicode>illi</Unicode>
          </TextEquiv>
        </Word>
        <Word id="region0011_line0018_word0004" custom="readingOrder {index:4;} textStyle {offset:0; length:10;italic:true; fontSize:0.0; kerning:0;}">
          <Coords points="761,1899 760,1932 817,1936 822,1933 835,1933 840,1937 858,1938 887,1939 897,1937 903,1939 923,1940 924,1902 903,1901 893,1903 853,1903 848,1900"/>
          <TextEquiv conf="0.8963453">
            <Unicode>noluerunt,</Unicode>
          </TextEquiv>
        </Word>
        <Word id="region0011_line0018_word0005" custom="readingOrder {index:5;}">
          <Coords points="930,1902 1038,1904 1037,1936 929,1934"/>
          <TextEquiv conf="0.9170976">
            <Unicode>Matth.</Unicode>
          </TextEquiv>
        </Word>
        <Word id="region0011_line0018_word0006" custom="readingOrder {index:6;}">
          <Coords points="1048,1904 1047,1939 1050,1937 1057,1942 1067,1941 1069,1942 1158,1944 1158,1906 1156,1905 1143,1905 1124,1907 1122,1905"/>
          <TextEquiv conf="0.7106414">
            <Unicode>XXIII,</Unicode>
          </TextEquiv>
        </Word>
        <Word id="region0011_line0018_word0007" custom="readingOrder {index:7;}">
          <Coords points="1164,1912 1164,1946 1246,1948 1246,1914 1235,1913 1178,1917 1168,1912"/>
          <TextEquiv conf="0.44681922">
            <Unicode>37.38.</Unicode>
          </TextEquiv>
        </Word>
        <Word id="region0011_line0018_word0008" custom="readingOrder {index:8;}">
          <Coords points="1355,1913 1352,1912 1343,1912 1338,1916 1333,1916 1320,1915 1313,1910 1299,1913 1286,1910 1278,1913 1274,1908 1262,1908 1262,1953 1288,1953 1289,1953 1295,1953 1298,1953 1304,1949 1325,1950 1332,1954 1355,1954"/>
          <TextEquiv conf="0.8516423">
            <Unicode>Prius</Unicode>
          </TextEquiv>
        </Word>
        <TextEquiv conf="0.8278661">
          <Unicode>non voluit, quia illi noluerunt, Matth. XXIII, 37.38. Prius</Unicode>
        </TextEquiv>
      </TextLine>
      <TextLine id="region0011_line0019" custom="readingOrder {index:18;}">
        <Coords points="473,1921 464,1926 437,1926 436,1960 486,1962 498,1966 522,1962 532,1968 553,1970 571,1970 578,1966 605,1967 617,1972 648,1969 652,1972 678,1974 702,1974 712,1971 731,1971 738,1975 786,1976 794,1972 804,1972 810,1977 858,1981 871,1982 878,1978 889,1978 895,1983 917,1979 921,1983 946,1980 957,1988 976,1982 1005,1985 1069,1982 1081,1988 1114,1991 1156,1988 1208,1989 1214,1995 1222,1997 1241,1998 1245,1995 1261,1994 1268,1989 1277,1989 1282,1994 1290,1996 1328,1997 1345,1994 1352,1999 1374,1999 1373,1967 1368,1967 1362,1959 1333,1956 1325,1951 1313,1950 1304,1950 1298,1955 1289,1954 1277,1961 1269,1955 1212,1957 1203,1950 1192,1951 1184,1957 1169,1957 1132,1952 1124,1953 1077,1948 1067,1942 1057,1943 1050,1938 1039,1946 1013,1939 998,1944 932,1944 918,1947 897,1938 884,1942 853,1941 841,1940 835,1934 822,1934 815,1938 673,1935 665,1930 658,1930 652,1937 640,1937 634,1934 571,1931 564,1926 533,1929"/>
        <Baseline points="436,1953 1374,1989"/>
        <Word id="region0011_line0019_word0000" custom="readingOrder {index:0;}">
          <Coords points="446,1926 492,1926 491,1959 445,1959"/>
          <TextEquiv conf="0.8993724">
            <Unicode>eſt</Unicode>
          </TextEquiv>
        </Word>
        <Word id="region0011_line0019_word0001" custom="readingOrder {index:1;}">
          <Coords points="514,1928 513,1960 680,1963 680,1935 673,1935 666,1930 657,1930 652,1937 640,1937 634,1934 571,1931 568,1928 538,1928 533,1929 527,1928"/>
          <TextEquiv conf="0.9284302">
            <Unicode>voluntatis</Unicode>
          </TextEquiv>
        </Word>
        <Word id="region0011_line0019_word0002" custom="readingOrder {index:2;}">
          <Coords points="929,1975 930,1944 918,1947 897,1938 884,1942 853,1941 841,1940 835,1934 822,1934 815,1938 705,1936 704,1970 794,1972 804,1972 804,1972"/>
          <TextEquiv conf="0.9071808">
            <Unicode>antecedentis,</Unicode>
          </TextEquiv>
        </Word>
        <Word id="region0011_line0019_word0003" custom="readingOrder {index:3;}">
          <Coords points="959,1977 1104,1980 1104,1950 1077,1948 1067,1942 1057,1943 1050,1938 1039,1946 1013,1939 998,1944 959,1944"/>
          <TextEquiv conf="0.9106391">
            <Unicode>poſterius</Unicode>
          </TextEquiv>
        </Word>
        <Word id="region0011_line0019_word0004" custom="readingOrder {index:4;}">
          <Coords points="1126,1979 1351,1984 1351,1957 1333,1956 1325,1951 1313,1950 1304,1950 1298,1955 1289,1954 1277,1961 1269,1955 1212,1957 1203,1950 1192,1951 1184,1957 1169,1957 1132,1952 1126,1952"/>
          <TextEquiv conf="0.76709557">
            <Unicode>conſequentis.</Unicode>
          </TextEquiv>
        </Word>
        <TextEquiv conf="0.8825436">
          <Unicode>eſt voluntatis antecedentis, poſterius conſequentis.</Unicode>
        </TextEquiv>
      </TextLine>
      <TextLine id="region0011_line0020" custom="readingOrder {index:19;}">
        <Coords points="436,1961 436,2008 735,2017 755,2019 759,2023 769,2023 773,2020 822,2021 865,2027 870,2031 910,2025 1184,2035 1292,2032 1306,2036 1374,2037 1374,2000 1352,2000 1345,1995 1328,1998 1283,1997 1277,1990 1268,1990 1260,1996 1222,1998 1214,1996 1208,1990 1156,1989 1114,1992 1082,1990 1069,1983 1046,1983 1005,1986 979,1986 976,1983 957,1989 946,1981 925,1984 917,1980 902,1984 895,1984 889,1979 878,1979 871,1983 811,1980 804,1973 790,1974 785,1979 739,1977 731,1972 712,1972 701,1976 653,1976 648,1970 618,1974 605,1968 547,1970 532,1969 522,1963 511,1964 506,1968 486,1963"/>
        <Baseline points="436,1999 1374,2027"/>
        <Word id="region0011_line0020_word0000" custom="readingOrder {index:0;}">
          <Coords points="442,1971 527,1972 526,2005 442,2004"/>
          <TextEquiv conf="0.70427626">
            <Unicode>Illud</Unicode>
          </TextEquiv>
        </Word>
        <Word id="region0011_line0020_word0001" custom="readingOrder {index:1;}">
          <Coords points="546,1972 545,2008 771,2013 771,1978 739,1977 737,1976 702,1975 701,1976 653,1976 651,1974 620,1973 618,1974 617,1973"/>
          <TextEquiv conf="0.8956312">
            <Unicode>miſericordiæ,</Unicode>
          </TextEquiv>
        </Word>
        <Word id="region0011_line0020_word0002" custom="readingOrder {index:2;}">
          <Coords points="792,1974 791,2008 851,2009 851,1982 811,1980 805,1974"/>
          <TextEquiv conf="0.89213747">
            <Unicode>hoc</Unicode>
          </TextEquiv>
        </Word>
        <Word id="region0011_line0020_word0003" custom="readingOrder {index:3;}">
          <Coords points="878,1979 875,1981 874,2019 1005,2021 1006,1986 1005,1986 979,1986 976,1983 957,1989 946,1981 925,1984 917,1980 902,1984 895,1984 889,1979"/>
          <TextEquiv>
            <Unicode>juiſtitiæ.</Unicode>
          </TextEquiv>
        </Word>
        <Word id="region0011_line0020_word0004" custom="readingOrder {index:4;}">
          <Coords points="1045,2015 1093,2016 1094,1991 1082,1990 1069,1983 1046,1983 1046,1983"/>
          <TextEquiv conf="0.9184102">
            <Unicode>Sic</Unicode>
          </TextEquiv>
        </Word>
        <Word id="region0011_line0020_word0005" custom="readingOrder {index:5;}">
          <Coords points="1111,2017 1211,2019 1211,1993 1208,1990 1156,1989 1114,1992 1111,1991"/>
          <TextEquiv conf="0.7593577">
            <Unicode>voluit</Unicode>
          </TextEquiv>
        </Word>
        <Word id="region0011_line0020_word0006" custom="readingOrder {index:6;} textStyle {offset:0; length:7;italic:true; fontSize:0.0; kerning:0;}">
          <Coords points="1229,2017 1347,2020 1347,1996 1345,1995 1328,1998 1283,1997 1277,1990 1268,1990 1260,1996 1229,1997"/>
          <TextEquiv conf="0.8889436">
            <Unicode>vocatos</Unicode>
          </TextEquiv>
        </Word>
        <TextEquiv>
          <Unicode>Illud miſericordiæ, hoc juiſtitiæ. Sic voluit vocatos</Unicode>
        </TextEquiv>
      </TextLine>
      <TextEquiv>
        <Unicode>Qu.6. An nulla voluntas divina, licet liberrima, ſit irre-
ſiſtibilis? Diſting. inter voluntatem Dei abſolutam &amp; or-
dinatam. Act. VII, 51. ludæi σϰληϱοτράχηλοι ſemper reſiſte-
bant Spiritui S. Luc. VII,30. Phariſæiconſilium Dei aſper-
nati ſunt adverſus ſemetipſos, non haptizati a lohanne.
Qu. 7. An diſtinctio voluntatis Dei ordinatæ in antece-
dentem &amp; conſequentem, repugnet libertati, immutabili-
tati vel ſimplicitati voluntatis Dei? Neg. contra Calvi-
nianos: (1) Quia voluntas ordinata reſpicit conditio-
nem, ſecundum quam libere, immutabiliter &amp; ſimplici-
ter vult, quod vult. Vult omnes homines ſalvari,ſed modo
agnoſcant veritatem, 1. Tim.II, 4. Non vult mortem peoca-
toris, ſed cum conditione, ut convertatur, Ezech. XXXIII,
11. Itaque nulla, niſi apparens, contradictio inter ipſius
velle &amp; nolle, quia quod vult certa conditione, id non
vult eadem conditione in actu non poſita. Voluit con-
gregare Hieroſolymitanos, modo velint congregari; idem
non voluit, quia illi noluerunt, Matth. XXIII, 37.38. Prius
eſt voluntatis antecedentis, poſterius conſequentis.
Illud miſericordiæ, hoc juiſtitiæ. Sic voluit vocatos</Unicode>
      </TextEquiv>
    </TextRegion>
    <TextRegion orientation="-1.084095" type="catch-word" readingDirection="left-to-right" id="TextRegion_1670917091729_507" custom="readingOrder {index:5;} structure {type:catch-word;}">
      <Coords points="436,2029 1374,2029 1374,2082 436,2082"/>
      <TextLine id="region0011_line0021" custom="readingOrder {index:0;}">
        <Coords points="1276,2032 1259,2036 1176,2036 1171,2041 1170,2068 1173,2080 1373,2080 1374,2040 1306,2038 1292,2033"/>
        <Baseline points="1173,2075 1373,2069"/>
        <Word id="region0011_line0021_word0000" custom="readingOrder {index:0;}">
          <Coords points="1349,2043 1227,2040 1226,2080 1348,2080"/>
          <TextEquiv conf="0.87252176">
            <Unicode>guſtare</Unicode>
          </TextEquiv>
        </Word>
        <TextEquiv conf="0.87252176">
          <Unicode>guſtare</Unicode>
        </TextEquiv>
      </TextLine>
      <TextEquiv>
        <Unicode>guſtare</Unicode>
      </TextEquiv>
    </TextRegion>
  </Page>
</PcGts>
