2152 2785
448 614 539 657 xiam
550 585 694 654 matrem
712 599 869 634 diſcordis
884 610 1044 639 moeſtam
1064 610 1182 656 puellæ
1206 610 1353 647 ſecubitu
1368 626 1461 650 caros
1483 615 1655 655 miſſuram

448 666 576 709 ſperare
585 662 741 706 nepotes,
754 668 772 691 v.
787 671 846 706 379.
869 657 956 716 ſeqq.

545 722 577 757 §.
586 716 644 758 46:
654 714 697 748 Ex
709 723 801 759 parte
811 716 937 767 ſpeciali
948 721 1196 776 Metaphyſices,
1206 727 1246 764 ad
1258 729 1366 767 Deum
1377 728 1509 781 quidem
1525 733 1647 785 ſpectat

431 747 584 798 Numen
597 758 756 800 divinum,
767 773 794 795 v.
812 765 877 811 134.
888 766 949 802 Per
965 767 1033 804 hoc
1051 775 1138 805 enim
1154 776 1292 821 gentiles
1310 770 1541 816 intellexerunt
1557 780 1646 818 ſum-

444 818 531 846 mam
542 805 748 863 majeſtatem,
762 825 843 862 quam
862 823 1038 868 concipere
1046 824 1156 871 debet,
1168 829 1215 874 qui
1224 829 1331 864 ideam
1341 831 1398 864 ſibi
1415 833 1481 880 Dei,
1494 844 1643 884 tanquam

442 857 571 906 ſummî
573 863 666 907 entis,
679 863 804 903 ſumere
820 872 926 920 cupit.
976 876 1039 909 Sed
1057 886 1211 914 creaturæ
1228 879 1325 921 ſunt,
1341 885 1504 926 mundus,
1529 887 1644 927 ſidera,

440 918 527 946 terra
538 911 571 947 &
586 923 737 951 oceanus.
749 927 784 952 v.
799 919 863 963 205.
872 924 971 958 turbo
982 938 1045 967 107.
1056 939 1187 962 montes
1196 944 1224 962 v.
1236 938 1297 964 126.
1312 936 1448 980 platani,
1469 939 1569 977 lauri,
1586 952 1643 971 ar-

439 959 560 1002 bores,
576 973 712 1005 aurum,
728 979 826 1015 atque
843 986 1026 1022 argentum.
1046 991 1064 1006 v.
1090 989 1142 1020 38.
1157 990 1211 1022 39.
1236 1001 1283 1023 40.
1291 989 1386 1030 ſeqq.
1415 989 1461 1020 Ex
1486 992 1643 1024 creaturis

436 1016 538 1063 porrò
551 1031 646 1058 arena
664 1023 679 1058 &
700 1026 842 1073 procella
855 1034 1056 1067 nominanda
1068 1040 1121 1069 eſt.
1137 1047 1157 1068 v.
1171 1044 1212 1080 56.
1214 1043 1307 1083 ſeqq.

579 1079 694 1125 Utpote
696 1078 826 1128 fallaci,
835 1093 902 1132 quæ
914 1086 984 1120 tum
988 1088 1132 1135 primum
1142 1097 1251 1127 excita
1251 1101 1429 1140 ſomno

573 1128 784 1176 Deſertamin
783 1134 858 1181 ſola
867 1137 1013 1183 miſeram
1014 1139 1053 1182 ſe
1067 1144 1166 1176 cernit
1174 1155 1289 1186 arena,

574 1181 746 1217 Immemor
753 1192 789 1217 at
797 1194 925 1231 juvenis
927 1190 1066 1236 fugiens
1072 1193 1168 1239 pellit
1182 1196 1269 1229 vada
1282 1199 1389 1241 remis,

574 1231 675 1270 Irrita
691 1239 825 1284 ventoſæ
842 1242 989 1289 linquens
996 1243 1149 1291 promiſſa
1154 1246 1304 1294 procellæ.

431 1276 624 1320 Subſtantiæ
650 1280 745 1327 ſunt,
766 1290 854 1335 fagi,
879 1294 974 1332 lauri,
985 1293 1125 1340 platani,
1145 1298 1269 1344 populi.
1326 1299 1519 1339 Accidentia
1542 1313 1640 1344 verò,

429 1333 523 1378 quod
534 1325 598 1383 fagi
618 1334 766 1391 ferantur
775 1347 938 1387 radicitus,
955 1348 1046 1392 quod
1068 1348 1187 1396 platani
1204 1356 1344 1395 nutent,
1360 1353 1394 1388 &
1411 1353 1503 1405 quod
1520 1359 1640 1406 populi

428 1380 526 1420 lentæ
539 1384 614 1427 ſint,
625 1399 695 1435 quæ
714 1397 816 1442 omnia
830 1397 1048 1447 continentur.
1068 1410 1096 1429 v.
1107 1407 1179 1438 288.
1188 1403 1282 1447 ſeqq.

543 1431 720 1489 Namque
729 1444 780 1490 ille
795 1450 865 1480 tulit
881 1452 1036 1489 radicitus
1051 1453 1136 1484 altas

526 1495 683 1546 Fagos,
694 1507 737 1535 ac
737 1503 827 1538 recto
835 1498 995 1555 proceras
998 1502 1114 1559 ſtipite
1129 1508 1255 1552 laurus,

566 1546 644 1581 Non
646 1551 717 1594 ſine
724 1556 860 1587 nutanti
860 1557 1016 1601 platano,
1024 1555 1176 1606 lentaque
1180 1559 1295 1606 ſorore

563 1602 742 1642 Flammati
759 1606 975 1654 Phaethontis,
997 1613 1012 1647 &
1031 1613 1124 1649 aeria
1133 1615 1284 1665 cupreſſu.

411 1647 495 1689 Nec
501 1652 612 1688 minus
622 1655 657 1688 in
666 1650 861 1705 v.78.79.80.
877 1662 1007 1708 exempla
1021 1661 1095 1698 ſunt
1107 1663 1396 1707 ſubſtantiarum
1366 1661 1382 1719 &
1403 1668 1638 1714 accidentium.

562 1705 629 1737 Sed
634 1713 737 1752 neque
744 1716 814 1741 tum
824 1710 927 1744 mitræ
934 1722 1036 1759 neque
1045 1708 1116 1748 tum
1116 1714 1290 1764 fluitantis
1302 1719 1452 1765 amictus,

560 1757 623 1795 Illa
632 1760 733 1797 vicem
744 1771 876 1801 curans,
882 1773 955 1803 toto
962 1777 1002 1799 ex
1011 1767 1059 1818 Te
1059 1767 1206 1821 pectore,
1222 1769 1447 1825 Theſeu,

528 1813 643 1849 Toto
649 1814 768 1856 animo,
778 1818 853 1852 tota
855 1819 1020 1869 pendebat
1022 1821 1155 1870 perdita
1163 1833 1281 1863 mente.

415 1853 507 1894 Nam
517 1855 692 1898 ſubſtantia
703 1867 832 1899 animus
840 1866 886 1902 eſt
896 1869 930 1906 &
947 1877 1034 1919 mens,
1058 1875 1170 1917 utpote
1184 1885 1256 1920 pars
1265 1876 1366 1913 altera
1372 1875 1531 1915 hominis.
1561 1879 1629 1921 Ac-

390 1909 526 1949 cidens
537 1914 618 1953 verò
628 1916 690 1967 eſt,
708 1914 783 1968 quod
800 1922 944 1959 Ariadna
953 1919 1031 1959 toto
1040 1927 1155 1964 animo
1164 1929 1199 1965 &
1209 1938 1283 1969 tota
1291 1939 1403 1972 mente
1409 1931 1575 1985 pendebat
1584 1949 1628 1979 ex

412 1965 557 2006 Theſeo.
611 1969 714 2006 Aliud
726 1972 916 2021 exemplum
925 1975 986 2017 eſt.
996 1981 1027 2030 v.
1025 1980 1107 2024 348.
1113 1989 1193 2025 349.

576 2021 664 2061 Illius
673 2018 822 2072 egregias
828 2025 987 2072 virtutes,
1007 2031 1161 2081 claraque
1161 2035 1261 2084 facta

576 2076 661 2122 Sæpe
658 2075 860 2125 fatebuntur
864 2084 1043 2130 gnatorum
1054 2083 1087 2118 in
1087 2083 1210 2134 funere
1221 2098 1358 2127 matres.

406 2112 608 2155 Subſtantias
628 2133 718 2156 enim
734 2133 822 2158 voco
839 2128 1005 2174 perſonas,
1015 2143 1086 2175 quæ
1107 2144 1228 2169 matres
1261 2137 1526 2185 appellantur,
1499 2142 1519 2189 &
1540 2147 1626 2180 acci-

408 2158 530 2208 dentia,
549 2174 623 2220 quod
645 2174 681 2206 in
693 2174 868 2211 funeribus
884 2186 1067 2226 gnatorum
1086 2188 1222 2219 ſuorum
1239 2190 1476 2226 exſtinctorum
1504 2197 1628 2233 ſcilicet

406 2221 442 2258 &
451 2220 707 2265 interfectorum
714 2228 756 2265 ab
766 2231 907 2269 Achillle
917 2234 1108 2277 fatebantur
1118 2243 1266 2286 egregias
1278 2243 1420 2280 virtutes
1435 2250 1467 2280 &
1477 2254 1561 2285 clara
1577 2258 1627 2287 fa-

405 2273 457 2318 cta
480 2273 624 2315 Achillis.
678 2282 726 2316 Ita
733 2282 924 2321 naſciturus
940 2289 1126 2333 prædicitur
1148 2297 1283 2329 terroris
1292 2304 1430 2346 expers
1430 2304 1575 2361 Achilles.
1588 2335 1626 2360 v.

400 2333 472 2380 338.
486 2330 548 2369 Sed
557 2333 599 2370 ſic
606 2334 766 2374 Achillem
778 2351 840 2387 pro
853 2339 1026 2381 ſubſtantia
1040 2346 1170 2409 accipe
1192 2347 1227 2382 &
1245 2357 1308 2399 pro
1323 2357 1514 2428 accidente,
1533 2382 1628 2421 quod

399 2393 533 2422 animus
548 2381 644 2424 fortis
654 2389 688 2426 in
701 2402 743 2427 eo
756 2390 960 2433 exiſtebat.

398 2441 455 2483 De
471 2439 621 2495 pluribus
632 2441 740 2491 dicere
750 2444 887 2493 ulterius
903 2462 973 2492 non
991 2465 1077 2506 opus
1097 2456 1156 2503 eſt.
