2534 3195
688 722 743 752 23.

331 756 419 792 Diu
452 764 573 792 tamen
605 758 695 792 haec
724 764 925 804 ignominia
954 770 1028 805 non
1053 763 1178 806 hepati

256 817 405 852 moleſta
423 818 506 853 fuit.
572 819 735 854 Incultus
755 826 850 853 enim
875 830 910 853 et
931 826 1098 855 indoctus
1115 827 1179 855 ho-

254 886 332 916 mo,
356 878 445 912 licet
458 880 593 913 nobilis
610 891 760 926 genere,
780 894 983 927 Ludovieus
1005 908 1177 933 BILSIUS,

261 934 441 972 anatomia
469 956 656 987 incruenta
682 943 822 994 clarus,
852 947 970 993 denuo
993 948 1179 997 vindicare

256 991 396 1025 ſtuduit
420 993 546 1037 hepati
558 1014 798 1052 dignitatem,
818 1011 991 1051 incitatus
1011 1027 1056 1050 eo
1072 1028 1090 1051 a
1108 1020 1176 1049 me-

256 1059 347 1093 dicis
370 1058 546 1105 Belgicis,
585 1066 647 1102 qui
670 1074 791 1104 partes
817 1067 911 1110 Bilſii
935 1082 1178 1110 defenderunt

254 1119 332 1150 non
354 1114 422 1149 ſine
440 1114 557 1161 gloria
572 1119 704 1157 ſolum,
722 1136 781 1169 ſed
797 1142 906 1172 etiam
923 1151 1003 1173 cum
1019 1147 1178 1179 contem-

254 1181 295 1210 tu
317 1178 522 1215 doctiorum
547 1185 582 1212 et
606 1183 755 1226 ingenio
773 1198 950 1229 clarorum
970 1192 1172 1237 hominum.

253 1242 294 1276 In
319 1247 482 1277 anatome
514 1245 722 1284 incruenta,
749 1258 854 1289 quam
878 1253 916 1296 in
939 1265 1031 1290 vivis
1049 1266 1176 1292 corpo-

252 1307 373 1346 ribus,
400 1304 522 1352 ligatis
547 1311 691 1344 arteriis
715 1328 751 1352 et
774 1312 943 1357 protruſo
959 1313 1129 1356 ſanguine
1157 1330 1177 1362 a

251 1377 357 1417 parte
383 1372 426 1407 ad
447 1380 586 1420 partem
612 1376 694 1418 67),
713 1378 904 1422 praeſtitit,
932 1400 1083 1422 BILSIUS
1100 1398 1173 1430 cre-

254 1432 351 1469 didit
365 1433 538 1471 inveniſſe
557 1435 635 1472 vaſa
661 1448 868 1483 meſenterii
894 1444 1003 1488 chylo
1026 1447 1175 1485 repleta,

253 1499 319 1539 qui
335 1499 379 1537 ad
395 1497 507 1547 hepar
521 1505 692 1541 transeat,
713 1506 753 1534 in
768 1515 841 1546 quo
856 1507 996 1549 ſanguis
1016 1516 1177 1549 paretur.

251 1555 397 1590 Motum
423 1559 555 1593 deinde
582 1561 754 1605 Iymphae
776 1574 999 1613 contrarium
1026 1571 1085 1614 illi
1113 1572 1177 1615 ſta-

252 1615 344 1646 tuit,
367 1621 431 1652 qui
451 1627 555 1661 antea
571 1624 836 1669 adſumebatur:
860 1631 943 1671 vehi
961 1637 1055 1673 enim
1084 1634 1175 1684 Iym-

252 1668 362 1713 pham
379 1679 421 1708 ab
435 1689 551 1717 inſula
564 1682 716 1717 quadam
731 1679 791 1726 ſeu
813 1695 983 1734 congerie
1010 1695 1174 1737 vaſorum

251 1729 561 1779 Iymphaticorum
588 1744 628 1772 in
647 1743 745 1785 collo
772 1746 817 1785 ad
843 1755 967 1788 partes
1007 1742 1172 1801 corporis

254 1809 390 1833 omnes.
442 1802 547 1836 Hanc
564 1803 776 1847 opinionem
802 1804 975 1839 Nicolaus
1004 1823 1171 1846 ZASSIUS,

253 1858 414 1901 medicus
445 1857 777 1900 Roterodamenſis,
818 1872 970 1907 cupidus
999 1881 1173 1909 arripuit;

254 1932 406 1967 cumque
423 1932 586 1958 BILSIUS
609 1923 798 1961 literarum
826 1935 928 1962 rudis
954 1937 1056 1968 eſſet,
1092 1952 1173 1988 ZAS-

254 1995 345 2020 SIUS
363 1983 469 2031 ipſius
487 1986 633 2020 nomine
655 1991 737 2033 1659
764 1996 987 2036 epiſtolicam
1016 2004 1174 2050 diſſerta-

251 2047 392 2095 tionem
411 2048 620 2096 publicavit,
645 2052 684 2083 in
703 2064 770 2094 qua
788 2069 910 2085 verum
935 2063 1057 2099 hepati
1073 2065 1173 2111 uſum

250 2107 296 2141 ad
310 2104 507 2157 parandum
534 2106 739 2156 ſanguinem
764 2122 1009 2168 demonſtrare
1033 2130 1173 2171 niteba-

252 2177 324 2207 tur.
402 2172 539 2208 Contra
575 2172 669 2208 hanc
696 2186 908 2221 opinionem
950 2194 1172 2240 antiquatam

251 2233 486 2273 ſurrexerunt
495 2241 530 2270 et
549 2236 713 2286 diſcipuli
724 2247 939 2290 Bartholini,
957 2258 992 2293 et
1012 2252 1072 2292 alii
1093 2264 1173 2300 ana-

250 2306 386 2338 tomiae
410 2302 592 2345 cultores,
630 2310 692 2349 qui
722 2311 879 2341 ridiculo
906 2325 982 2341 eam
1002 2318 1169 2354 expoſue-

249 2375 354 2402 runt:
379 2371 477 2403 inter
498 2376 586 2412 quos
604 2373 744 2414 primos
757 2366 913 2419 ordines
929 2378 1063 2423 ducunt
1081 2388 1172 2422 HOR-

1076 2462 1169 2488 NIUS

284 2499 352 2542 67)
360 2500 476 2533 Stenonis
489 2503 524 2532 ad
539 2505 651 2534 Barthel.
667 2511 738 2534 cent.
749 2509 795 2533 III.
822 2515 864 2539 ep.
874 2518 914 2535 24.
932 2518 960 2538 p.
968 2518 1012 2538 94.
