2127 2555
668 267 715 309 42

882 260 954 301 DE
954 260 1247 301 PRECIBUS
1247 260 1555 301 PRIMARIIS

672 338 817 378 Chokier
817 338 900 389 ſeƈt.
912 354 947 385 4.
955 351 986 375 n.
990 350 1020 386 3.
1031 350 1084 387 75.
1101 340 1118 378 &
1130 340 1202 392 ſeq.
1220 341 1270 377 vel
1280 342 1339 393 per
1345 341 1516 381 cenſuram
1525 344 1781 385 Eccleſiaſticam

670 393 727 419 eos
737 382 943 434 compellere,
959 393 992 420 ut
1000 388 1106 424 eidem
1115 384 1154 424 de
1172 385 1332 425 beneficio
1348 396 1479 423 vacante
1493 391 1704 439 provideant;
1719 390 1784 440 po-

671 438 783 476 nendo
791 439 908 480 ſcilicet
918 444 997 478 eum
1004 438 1035 488 in
1047 444 1152 491 quieta
1173 438 1192 490 &
1209 442 1342 493 pacifica
1363 442 1575 495 poſſeſſione,
1602 447 1730 485 ſtallum
1747 450 1784 484 in

671 493 789 531 Choro
804 488 825 537 &
840 494 939 533 locum
962 497 996 530 in
1004 496 1156 546 Capitulo
1176 492 1379 547 aſſignando,
1393 508 1469 532 cum
1490 495 1687 548 plenitudine
1707 503 1784 547 juris

672 544 879 582 Canonicalis
915 545 928 585 &
943 544 1113 584 fruƈtuum
1131 548 1353 597 perceptione,
1374 547 1515 597 qualibet
1531 551 1787 590 contradiƈtione

674 594 819 636 ceſſante.
831 598 903 637 Vid.
902 600 1087 648 formulam
1096 601 1233 638 Precum
1242 601 1273 639 d.
1288 604 1310 640 I.
1318 604 1385 640 Dn.
1396 604 1536 639 Hermes
1544 598 1576 638 d.
1585 612 1652 656 cap.
1662 610 1693 662 11.
1693 612 1737 662 n.
1737 605 1788 663 62.

676 650 715 684 &
725 651 770 691 67.
796 647 827 683 Si
838 658 916 684 vero
924 647 1104 685 Collatores
1114 661 1152 685 ex
1160 647 1239 696 juſta
1248 642 1340 686 cauſa
1355 648 1587 694 contradicant,
1607 659 1718 701 neque
1730 662 1786 701 pa-

677 709 769 737 reant
784 700 881 739 literis
897 702 1110 744 executoriis,
1137 698 1412 740 excommunicari
1434 711 1610 755 nequeunt.
1627 715 1702 754 arg.
1715 716 1787 755 cap.

674 748 813 813 cauſam,
824 752 882 808 quæ
889 757 1398 813 18.ibiqueFelin.dereſcript.n.9.
1421 763 1511 799 Chok.
1523 756 1548 818 d.
1559 756 1621 814 ſeƈt.
1640 776 1659 810 4.
1677 762 1743 815 n.72.
1762 759 1788 813 &

667 804 735 856 ſeq.
746 819 777 844 n.
786 806 891 846 202.
876 804 896 862 &
888 797 964 864 ſeqq
984 806 1088 865 Seƈt.5.
1096 810 1309 861 §.3.n.4.10.&
1308 812 1389 862 ſqq.
1418 816 1475 850 Dn.
1478 815 1592 857 Herm.
1602 811 1633 862 d.
1643 811 1695 862 l.n.
1680 816 1740 865 67.
1752 819 1789 855 Si

674 865 783 893 autem
793 856 1003 897 duoPreciſtæ
1010 862 1046 901 in
1051 869 1117 895 una
1129 863 1200 895 data
1208 869 1413 908 concurrant;
1422 862 1464 909 Q.
1474 861 1542 910 quis
1562 860 1788 913 præferendus?

672 913 816 965 Reſp.(1)
824 916 859 965 is,
869 919 924 964 qui
931 916 1049 953 horam
1055 919 1201 967 priorem
1208 917 1364 957 docuerit.
1374 921 1474 958 Felin.
1483 923 1520 955 in
1533 928 1598 971 cap.
1604 919 1786 972 paſtoralis

672 966 813 1014 24.verſ.
818 971 947 1005 ratione
956 973 1054 1006 unius
1065 969 1181 1007 horæn.
1185 981 1218 1015 5.
1227 971 1264 1007 X.
1273 971 1311 1008 de
1320 969 1415 1021 reſcr.
1439 970 1499 1019 (2)
1507 972 1561 1022 qui
1571 976 1662 1023 prior
1667 975 1699 1010 in
1712 969 1788 1025 poſ-

648 1023 815 1064 ſeſſione.
833 1033 898 1073 arg.
911 1034 969 1076 cap.
976 1036 1017 1061 ex
1025 1025 1137 1065 literis
1138 1026 1211 1073 3.de
1212 1025 1307 1079 prob.
1325 1025 1379 1075 (3)
1386 1028 1440 1077 qui
1448 1029 1536 1078 prior
1544 1031 1579 1067 in
1589 1031 1699 1068 album
1707 1034 1783 1070 Pre-

668 1075 820 1113 ciſtarum
833 1086 894 1126 pro
903 1091 995 1114 more
1002 1080 1035 1114 in
1045 1079 1245 1116 Cancellaria
1255 1078 1386 1118 Cæſaris
1395 1080 1440 1118 eſt
1448 1088 1605 1130 receptus.
1620 1091 1695 1130 arg.
1710 1076 1793 1133 cap.

661 1128 700 1177 ſi
700 1128 777 1177 quis
784 1131 838 1175 46.
838 1131 883 1176 in
885 1141 943 1181 pr.
952 1131 989 1167 de
996 1131 1081 1170 eleƈt.
1089 1136 1127 1168 in
1139 1133 1166 1168 6.
1181 1133 1244 1178 (4)
1251 1133 1309 1180 qui
1324 1133 1414 1180 prior
1422 1132 1625 1182 repræſentat
1633 1135 1784 1183 diploma

670 1172 862 1218 Cæſareum.
872 1173 980 1221 Deciſ.
983 1177 1057 1211 Rot.
1067 1178 1157 1211 Rom.
1168 1178 1228 1218 100.
1241 1180 1280 1209 in
1289 1175 1470 1226 antiquior.
1485 1179 1592 1215 Felin.
1597 1183 1633 1213 in
1641 1186 1708 1228 cap.
1718 1183 1783 1215 Ca-

655 1228 812 1279 pitulum
821 1218 848 1266 S
862 1232 978 1275 Crucis
978 1235 1022 1276 30.
1032 1233 1069 1266 in
1072 1242 1125 1281 pr.
1137 1229 1177 1268 &
1185 1241 1254 1275 n.5.
1270 1231 1355 1280 verſ.
1366 1231 1478 1272 Fallit.
1483 1234 1522 1270 de
1531 1225 1676 1285 reſcript.
1689 1236 1737 1285 (5)
1745 1239 1781 1272 in

666 1282 758 1317 cuius
768 1277 951 1330 diplomate
958 1281 1072 1321 inſerta
1082 1281 1127 1319 eſt
1135 1279 1274 1321 clauſula
1281 1292 1369 1321 motu
1368 1286 1503 1335 proprio
1518 1294 1590 1336 arg.
1602 1295 1668 1337 cap.
1666 1288 1705 1334 ſi
1703 1288 1777 1339 plu-

669 1330 763 1368 ribus
770 1344 824 1374 24.
839 1330 880 1367 de
888 1332 1046 1382 præbend.
1055 1337 1094 1372 in
1094 1337 1130 1372 6.
1149 1334 1198 1371 vel
1205 1333 1364 1382 clauſula:
1381 1336 1510 1382 etiamſi
1520 1337 1621 1374 alteri
1637 1341 1779 1375 contule-

668 1390 786 1424 rimus.
804 1385 948 1425 Chokier
955 1380 987 1435 d.
1000 1388 1020 1425 I.
1022 1388 1104 1438 ſeƈt.
1116 1399 1218 1434 2.n.5.
1254 1391 1305 1428 Dn.
1315 1387 1454 1428 Hermes
1454 1382 1496 1429 d.
1507 1393 1529 1430 l.
1543 1406 1573 1431 n.
1586 1397 1630 1438 67.
1657 1395 1697 1431 Si
1697 1395 1781 1432 nihil

666 1450 708 1473 ex
722 1438 770 1475 his
780 1448 940 1488 appareat,
950 1438 1169 1482 conſulendus
1169 1439 1218 1483 eſt
1224 1435 1349 1489 Cæſar,
1367 1439 1418 1496 qui
1429 1445 1568 1491 gratiam
1583 1444 1681 1482 dedit.
1699 1455 1775 1495 arg.

665 1488 811 1526 l.1.C.de
819 1491 878 1527 LL.
894 1491 1040 1528 Chokier
1051 1486 1086 1528 &
1094 1487 1239 1527 Hermes
1239 1487 1277 1528 d.
1290 1492 1308 1526 l.
1322 1480 1411 1530 Add.
1412 1492 1501 1543 ſupr.
1511 1493 1556 1529 th.
1570 1498 1621 1539 46.
1649 1498 1738 1545 Quid
1750 1495 1777 1534 ſi

665 1542 847 1592 Imperator
861 1544 876 1578 &
901 1544 938 1582 is,
944 1543 1002 1594 qui
1012 1546 1080 1589 ejus
1090 1544 1176 1579 vices
1184 1542 1265 1590 obit,
1275 1542 1392 1582 eodem
1400 1545 1550 1596 tempore
1565 1546 1675 1591 Preces
1691 1561 1777 1584 con-

666 1596 785 1635 ferant?
809 1598 999 1648 Imperatoris
1022 1592 1186 1645 nominatio
1198 1598 1375 1650 præfertur.
1385 1611 1460 1648 arg.
1469 1594 1538 1652 cap.
1546 1599 1581 1653 ſi
1584 1600 1600 1657 a
1602 1601 1676 1652 ſede
1679 1614 1727 1650 31.
1736 1604 1778 1641 de

661 1648 815 1698 præbend
832 1654 868 1687 in
877 1655 903 1690 6.
914 1652 1056 1690 Chokier
1065 1651 1096 1689 d.
1103 1652 1131 1691 l.
1131 1646 1314 1703 verſ.tertia
1323 1654 1478 1701 concluſio.
1487 1657 1629 1692 Hermes
1641 1653 1672 1692 d.
1676 1659 1733 1695 I.n.
1741 1665 1779 1703 20.

743 1705 865 1753 LXVII
865 1705 1020 1754 Apparet
1027 1704 1144 1755 itaque,
1159 1705 1229 1756 quid
1236 1704 1442 1746 ſtatuendum
1450 1706 1490 1743 de
1507 1708 1662 1759 opinione
1671 1712 1778 1749 Paur-

663 1754 823 1805 meiſteri,
839 1759 893 1806 qui
908 1748 1020 1795 contra
1034 1760 1110 1810 Joh.
1127 1758 1288 1798 Andream
1304 1760 1445 1817 aliosque
1462 1760 1551 1810 (vid.
1551 1761 1645 1814 ſupr.
1655 1763 1704 1805 th.
1713 1764 1775 1812 15.)

626 1809 785 1857 cenſet,
800 1813 1033 1861 Imperatorem
1047 1825 1107 1863 per
1118 1815 1168 1859 jus
1180 1812 1409 1865 primariarum
1424 1819 1570 1863 Precum,
1588 1832 1658 1855 non
1665 1817 1775 1858 ſolum

663 1860 781 1898 habere
788 1861 836 1907 jus
850 1861 899 1898 vel
902 1860 1093 1913 poteſtatem
1100 1862 1242 1914 aliquem
1250 1859 1455 1908 nominandi,
1467 1868 1502 1911 &
1512 1867 1667 1917 cogendi,
1685 1876 1721 1904 ut
1728 1875 1769 1910 ad

662 1913 862 1962 beneficium
872 1917 1054 1968 recipiatur,
1062 1912 1112 1966 ſed
1112 1912 1228 1966 ipſam
1235 1928 1367 1966 quoque
1374 1916 1595 1958 collationem.
1605 1921 1644 1957 de
1641 1921 1770 1970 jurisd.

661 1965 717 2004 lib.
727 1980 748 2003 1.
756 1958 863 2015 cap.4.
871 1979 958 2011 n.55.
969 1965 1007 2006 &
1009 1961 1100 2019 ſeqq.
1121 1960 1193 2019 Etſi
1192 1977 1329 2018 namque
1340 1979 1409 2005 non
1418 1983 1535 2021 magna
1546 1972 1631 2009 inter
1643 1980 1771 2010 utrum-

659 2031 726 2069 que
733 2018 782 2067 eft
782 2018 976 2068 differentia,
992 2018 1020 2070 ſi
1028 2023 1183 2062 effeƈtum
1198 2021 1458 2068 conſideremus;
1477 2023 1549 2076 ipſæ
1569 2036 1678 2064 tamen
1697 2028 1772 2066 Pre-

659 2083 738 2108 cum
748 2070 899 2109 formulæ
907 2072 947 2109 ad
954 2070 1135 2119 ordinarios
1135 2071 1333 2121 Collatores,
1342 2078 1376 2113 &
1396 2075 1455 2112 illis
1470 2076 1606 2115 demum
1622 2077 1771 2117 ceſſanti-

657 2125 717 2163 bus
725 2125 764 2162 ad
771 2120 964 2165 Executores
973 2122 1045 2164 ſunt
1052 2129 1211 2168 direƈtæ.
1225 2120 1343 2181 Neque
1355 2127 1432 2167 illud
1448 2128 1634 2183 ſimpliciter
1654 2131 1775 2170 admit-

655 2175 802 2223 tendum,
813 2176 903 2229 quod
919 2180 995 2221 idem
1007 2176 1115 2231 Author
1131 2179 1219 2229 dicit,
1226 2179 1381 2222 effeƈtum
1390 2179 1452 2223 eſſe
1458 2174 1594 2224 Precum
1601 2181 1770 2235 primaria-

1672 2249 1776 2289 rum.
