1656 2356
152 448 180 463 n
202 445 258 466 128.
299 436 404 464 Nicolai
427 436 539 463 Abrami
563 435 765 462 Commentarius
790 436 814 462 in
845 436 990 463 Orationes

159 480 292 502 Ciceronis
316 476 401 505 Pariſ.
422 478 494 506 1631.
522 476 549 501 in
566 474 614 502 fol.
640 474 798 501 divenditus
820 479 871 499 fuit
900 477 988 501 pretio

155 520 212 546 fere
234 528 264 552 17
281 521 439 545 florenorum.

174 565 331 601 ABREGE'
357 562 410 601 des
427 564 703 611 Mathematiques
718 567 751 598 in
770 562 865 599 uſum
885 565 989 609 Maje-

124 615 208 651 ſtatis
232 614 405 661 Imperialis
431 612 593 648 univerſae
620 613 750 650 Ruſſiae
777 612 992 648 adornatum-

125 669 244 712 Tomis
276 671 311 705 ll.
338 667 522 712 Petropoli,
556 668 644 712 typis
672 668 860 702 Academiae
887 669 989 712 Impe-

126 721 216 754 rialis
236 720 450 758 Scientiarum,
482 724 579 762 1728.
597 718 630 751 in
652 725 683 758 8.
696 719 809 754 Chart.
829 718 963 766 Auguſt.

192 791 261 817 Libri
277 791 351 816 huius
366 790 461 824 viginti
479 796 598 822 quinque
616 791 708 816 ſaltem
727 789 893 822 exemplaria
910 790 990 819 fuiſſe

158 827 276 861 impreſſa
300 829 420 855 aſſeritur
443 830 469 854 in
490 827 561 855 Actis
592 824 805 860 Eruditorum,
810 829 842 852 A.
865 832 940 859 1728.
964 833 990 858 p.

157 865 214 891 289.
225 862 261 890 ſq.
301 862 387 895 Quam
404 865 493 885 tamen
512 861 671 885 relationem
693 867 752 890 nos,
774 866 827 886 non
844 860 900 885 ſine
917 860 991 885 cauſ-

154 898 190 923 ſa,
209 898 234 919 in
254 896 355 920 dubium
367 899 506 924 vocamus;
528 894 683 925 praeſertim
699 903 757 920 cum
770 895 892 925 ſciamus,
917 895 990 920 Ham-

155 930 227 962 burgi
244 930 270 954 in
293 931 382 959 unico,
401 935 460 955 utut
478 929 680 959 inſtructiſſimo.
701 931 868 960 Bibliopolio
890 928 989 955 Kiſne-

154 965 240 988 riano.
258 970 328 989 nunc
344 961 527 994 Heroldiano,
549 963 657 988 Librum
677 966 747 989 hunc
766 964 826 988 vice
844 963 906 995 plus
928 964 990 988 ſim-

157 998 219 1032 plici
230 993 368 1026 extitiſſe.
403 1001 476 1027 Hinc
505 1005 625 1030 certum,
650 998 729 1027 fuiſſe
746 1000 818 1025 illum
839 999 939 1025 alicubi
961 1002 989 1025 in

158 1033 298 1059 Germania
320 1036 427 1057 retento
446 1031 527 1057 titulo
549 1032 680 1058 editionis
703 1030 925 1063 Petropolitanæ
948 1038 990 1055 re-

156 1068 254 1097 cuſum.
280 1071 350 1101 [Nos
369 1069 439 1100 ſane,
458 1068 545 1102 inquit
561 1068 679 1102 Freytag
697 1069 723 1094 in
743 1069 823 1096 Anal.
843 1075 868 1097 p.
886 1077 910 1094 2.
932 1075 990 1094 non

156 1101 241 1129 ſolum
262 1109 342 1128 unum
363 1102 510 1129 alterumue
537 1102 597 1128 libri
625 1102 697 1128 iſtius
723 1103 875 1133 exemplum
900 1102 990 1127 oculis

159 1136 339 1169 conſpeximus
360 1136 463 1168 noſtris,
485 1137 531 1162 ſed
547 1136 698 1169 bibliopola
722 1137 805 1162 etiam
824 1136 893 1161 haud
915 1144 991 1161 ince-

158 1169 248 1199 lebris,
265 1169 307 1202 qui
322 1176 353 1193 eo
370 1176 497 1201 tempore,
510 1175 558 1201 quo
577 1170 641 1195 liber
660 1170 804 1200 edebatur,
819 1170 846 1194 in
863 1170 928 1195 urbe
939 1170 994 1195 Pe-

159 1206 318 1237 tropolitana
339 1205 457 1234 uixerat,
486 1205 562 1230 nobis
586 1212 633 1237 pro
657 1211 732 1232 certo
756 1205 911 1232 affirmauit,
939 1211 990 1235 300

157 1239 316 1271 exemplaria
332 1245 399 1273 typis
412 1238 488 1266 fuiſſe
506 1239 648 1271 exſcripta.
678 1238 788 1267 Librum
806 1246 872 1264 uero
889 1241 943 1265 eod
964 1247 990 1264 m

157 1274 235 1299 titulo
254 1276 279 1301 in
299 1273 438 1298 Germania
459 1272 580 1299 recuſum
599 1271 673 1302 eſſe,
694 1273 740 1298 uix
761 1280 791 1298 ac
809 1279 843 1296 ne
861 1278 907 1297 uix
927 1277 988 1303 qui-

159 1311 217 1337 dem
235 1311 308 1336 nobis
326 1310 553 1343 perſuaſerimus.]

171 1372 187 1389 *
197 1369 388 1402 ACADEMIE
404 1363 459 1402 des
468 1367 601 1407 Dames,
617 1377 646 1404 v.
661 1365 817 1401 SIGAEA.

172 1440 347 1481 ACCORDS,
357 1436 524 1484 Seigneur
545 1440 609 1480 des,
625 1440 826 1487 Bigarrures,
848 1447 878 1473 et
893 1437 991 1472 Tou-

125 1487 217 1530 ches,
250 1498 325 1520 avec
349 1487 394 1520 les
412 1486 657 1534 Apophtegmes
688 1485 734 1521 du
760 1490 806 1523 Sr.
829 1485 990 1526 Goulard,

124 1550 155 1574 et
180 1539 224 1575 les
252 1537 426 1587 eſcraignes
446 1538 675 1585 Dijonnoiſes.
719 1541 727 1576 à
752 1542 855 1577 Paris
886 1545 989 1585 1614.

126 1585 160 1617 in
184 1594 236 1619 12.

189 1649 262 1679 Opus
280 1647 440 1674 obſcoenum
458 1655 485 1674 et
507 1648 645 1678 laſcivum,
669 1649 704 1675 de
724 1656 778 1677 quo
797 1649 857 1674 ſatis
878 1648 989 1681 copioſe

160 1690 353 1714 commentatur
377 1687 406 1712 P.
427 1686 508 1717 Bayle
536 1685 689 1711 Dictionair.
713 1689 762 1709 art.
799 1686 907 1710 Etienne
938 1686 992 1711 Ta-

160 1716 257 1742 bourot
280 1717 407 1742 Seigneur
431 1718 474 1742 des
498 1717 626 1742 Accords.
663 1717 748 1742 Prima
774 1717 864 1741 editio
888 1716 990 1747 prodiit

160 1748 248 1780 Pariſ.
260 1743 333 1782 1582.
350 1756 378 1777 ut
395 1752 452 1776 vult
468 1750 582 1780 Baelius,
602 1753 646 1782 qui
664 1752 724 1776 uſus
746 1752 782 1776 eſt
801 1752 925 1776 editione
939 1751 992 1775 Pa-

158 1783 206 1814 riſ.
231 1786 303 1816 1614.
338 1785 382 1810 Eſt
405 1785 481 1810 nobis
507 1786 538 1809 ad
557 1792 649 1810 manus
671 1785 758 1810 editio
779 1783 867 1810 emiiſa
894 1796 910 1810 à
931 1785 992 1810 Poi-

158 1818 224 1844 tiers
239 1825 291 1850 par
310 1818 381 1851 Jean
399 1819 505 1845 Bauchu
527 1823 599 1851 1609.
619 1821 646 1843 in
663 1827 690 1844 12
743 1820 837 1845 ludice
862 1821 899 1848 Jo.
912 1820 987 1846 Frid.

159 1854 340 1879 Reimmanno
355 1855 382 1877 in
402 1854 518 1887 Catolog.
536 1854 657 1881 Biblioth.
676 1845 758 1881 Tom.
777 1854 812 1879 lI.
833 1862 857 1885 p.
869 1858 927 1884 773.
944 1853 991 1877 vix

158 1886 266 1911 aliunde
286 1886 463 1912 commendari
481 1888 567 1918 poteſt
584 1889 625 1912 hic
646 1888 768 1912 Accordii
797 1888 907 1912 Libellus
935 1888 988 1912 Va-

156 1916 272 1947 riorum,
294 1923 372 1948 prout
392 1920 418 1943 in
439 1920 562 1944 Carmine
582 1922 701 1950 quodam
719 1925 868 1949 praeeunte
889 1920 990 1944 ſaluta-

155 1961 207 1988 tur,
227 1957 305 1994 quam
323 1966 338 1983 a
356 1957 413 1984 ſola
428 1957 554 1985 raritate.
591 1958 733 1992 Siquidem
752 1964 825 1983 totus
842 1957 991 1984 ſeveritate
