2531 2845
1578 397 1675 444 XXI

935 494 1036 537 VIl.

383 563 585 624 Abrogatio
628 563 852 613 Turnorum
881 563 923 608 in
952 560 1104 620 Diœceſi
1133 558 1260 607 Colon.
1293 555 1409 603 Anno
1445 562 1563 603 1606.

281 636 352 722 E

348 638 531 721 RNESTUS
543 681 608 720 Dei
625 682 659 718 &
673 678 857 725 apoſtolicæ
868 676 960 715 Sedis
978 674 1085 725 gratia
1095 671 1385 722 Archiepiscopus
1402 669 1621 710 Colonienſis.
1658 673 1715 707 Pa-

231 729 359 771 ſtoralis
375 731 561 767 vocationis
576 730 610 765 &
629 728 728 765 officii
742 727 844 764 noſtri
855 735 1029 762 memores
1043 724 1078 760 &
1094 723 1266 769 cupientes
1284 719 1505 757 Eccleſiarum
1523 721 1715 756 noſtrarum

232 779 490 831 tranquillitati,
505 780 576 824 paci
594 780 626 814 &
653 778 812 815 honeſtati
837 776 1028 818 conſulere,
1056 784 1182 812 certam
1205 774 1367 809 rationem
1387 782 1506 807 eorum
1526 771 1716 809 habendam

233 831 525 872 exiſtimavimus,
552 828 614 875 qui
634 830 788 873 primum
811 828 852 862 ad
866 825 1115 863 eccleſiaſticum
1136 825 1257 861 ſtatum
1280 823 1558 869 admittuntur.
1570 823 1657 856 Cum
1674 825 1716 855 ad

233 885 405 922 catholicæ
424 882 581 919 doctrinæ
599 881 889 916 conſervationem
909 889 943 912 ac
960 876 1245 922 propagationem
1264 875 1456 918 plurimum
1472 874 1616 912 interſit,
1646 883 1715 907 non

230 933 342 971 ſolum
359 933 454 979 quali
470 928 721 968 converſatione
740 929 808 965 vita
830 932 863 966 &
887 927 1046 963 moribus
1070 928 1104 961 &
1118 928 1280 972 exemplo
1307 926 1368 959 ſint
1392 927 1458 964 illi,
1489 928 1548 968 qui
1569 925 1719 956 eccleſia-

232 990 309 1027 ſtica
327 985 509 1028 Beneficia,
537 982 746 1031 Dignitates,
773 982 1043 1027 Functionesque
1061 980 1207 1019 majores
1232 979 1263 1014 &
1288 977 1441 1022 publicas
1462 980 1497 1011 in
1523 979 1663 1012 Ececleſia
1685 979 1720 1013 &

234 1041 350 1079 Domo
374 1037 514 1074 Domini
531 1036 596 1078 jam
619 1032 867 1076 adminiſtrant,
896 1030 947 1067 ſed
971 1032 1005 1067 &
1021 1031 1158 1078 qualem
1184 1030 1231 1066 illi
1256 1031 1295 1064 de
1320 1029 1349 1064 ſe
1367 1030 1522 1069 virtutis,
1549 1030 1717 1063 induſtriæ

235 1101 272 1125 ac
290 1087 383 1124 bonæ
403 1084 516 1132 frugis
536 1083 816 1125 cxſpectationem
833 1081 1025 1128 præbeant,
1060 1079 1121 1126 qui
1147 1080 1212 1121 jam
1231 1078 1382 1123 primum
1404 1079 1438 1112 in
1463 1078 1586 1112 ſortem
1605 1080 1637 1112 &
1655 1080 1721 1110 hæ-

234 1137 413 1176 reditatem
432 1134 570 1173 Domini
591 1126 812 1180 cooptantur,
840 1131 874 1166 in
903 1130 1014 1176 prima
1036 1129 1201 1177 ſiquidem
1226 1129 1468 1164 beneficiorum
1489 1130 1720 1162 eccleſiaſtico-

234 1204 316 1229 rum
345 1190 597 1236 nominatione,
630 1189 805 1227 collatione
830 1199 865 1225 ac
889 1184 1083 1233 proviſione
1109 1186 1219 1221 aditus
1250 1185 1402 1229 aperitur
1426 1184 1460 1221 &
1483 1181 1625 1225 oſtium,
1658 1190 1720 1225 per

237 1245 334 1292 quod
351 1244 403 1280 via
420 1244 459 1279 ad
477 1244 605 1284 majora
622 1238 829 1278 eccleſiaſtica
846 1239 961 1276 munia
981 1245 1084 1282 patet,
1115 1236 1212 1278 cujus
1231 1234 1373 1281 quidem
1393 1235 1462 1270 oſtii
1479 1234 1616 1279 quando
1634 1235 1720 1277 vigi-

235 1298 341 1334 lantes
359 1296 542 1342 prudentes
562 1296 593 1332 &
610 1292 711 1331 zeloſi
728 1291 880 1329 cuſtodes
894 1290 1116 1332 adhibentur,
1143 1297 1223 1323 tunc
1246 1287 1370 1324 florens
1392 1287 1604 1323 eccleſiarum
1623 1286 1723 1320 ſtatus

239 1345 481 1389 conſervatur,
509 1356 544 1379 ac
563 1343 704 1386 proinde
729 1343 762 1378 in
780 1341 1026 1378 beneficiorum
1046 1337 1338 1376 eccleſiaſticorum
1361 1339 1617 1377 nominatione,
1644 1347 1724 1379 pro-

234 1396 369 1436 viſione
386 1399 420 1434 &
435 1395 643 1434 inſtitutione
662 1395 714 1438 pia
741 1405 778 1428 ac
800 1392 956 1439 religioſa
980 1401 1097 1426 mente
1117 1390 1382 1430 attendendum,
1409 1399 1477 1421 non
1496 1391 1581 1431 quid
1596 1396 1672 1420 caro
1690 1390 1726 1422 &

238 1447 397 1496 ſanguis,
426 1449 512 1493 quid
528 1446 695 1484 affinitatis
716 1447 749 1482 &
766 1445 920 1481 amicitiæ
939 1441 1168 1484 conſuetudo,
1196 1450 1270 1485 quæ
1291 1441 1416 1480 juſtum
1436 1442 1468 1475 &
1489 1440 1655 1473 ſincerum
1673 1440 1727 1477 ju-

241 1503 370 1537 dicium
388 1497 562 1534 obfuſcare
578 1495 703 1537 ſolent,
729 1495 783 1530 ſed
806 1494 902 1539 quod
917 1492 1117 1539 graviſſima
1138 1491 1354 1528 eccleſiaſticæ
1375 1489 1559 1525 functionis
1577 1487 1727 1533 dignitas

237 1551 273 1588 &
288 1547 457 1585 neceſſitas
473 1548 537 1582 hoc
552 1543 736 1592 præſertim
754 1552 917 1588 corrupto
933 1541 1043 1578 ſeculo
1061 1539 1221 1586 poſtulat,
1250 1539 1420 1585 Equidem
1435 1538 1559 1572 florens
1576 1537 1726 1572 eccleſia-

238 1606 320 1633 rum
335 1595 436 1631 ſtatus
457 1592 572 1629 minus
589 1583 808 1628 conſervatur
823 1590 857 1625 &
873 1588 981 1633 perit,
1005 1587 1143 1633 quando
1162 1588 1261 1631 pueri
1283 1587 1397 1619 minus
1418 1587 1629 1629 quandoque
1652 1590 1728 1619 noti

238 1652 280 1687 ad
303 1646 555 1687 eccleſiaſticum
582 1643 704 1682 ſtatum
727 1644 814 1681 male
838 1641 988 1684 educati,
1021 1650 1110 1689 quos
1133 1640 1224 1675 nulla
1247 1638 1448 1676 eruditionis
1473 1646 1530 1673 aut
1553 1640 1723 1674 modeſtiæ

237 1709 443 1747 argumenta
462 1695 728 1739 commendant,
751 1705 817 1744 pro
834 1695 969 1741 privato
993 1694 1094 1730 unius
1109 1691 1275 1730 Turnarii
1294 1692 1411 1727 minus
1427 1689 1567 1726 diſcreto
1583 1691 1727 1730 judicio,

232 1749 332 1794 nulla
348 1754 525 1794 doctrinæ,
553 1752 742 1795 virtutum,
778 1749 881 1787 ætatis
905 1757 962 1784 aut
984 1746 1189 1785 meritorum
1219 1742 1483 1782 conſideratione
1508 1742 1642 1787 habita,
1672 1741 1728 1779 ſed

241 1817 286 1843 ex
306 1803 449 1852 profano
472 1798 794 1851 conſanguinitatis,
828 1809 1016 1837 munerum
1039 1796 1237 1846 frequenter
1260 1796 1359 1833 etiam
1383 1794 1581 1832 illicitarum
1600 1794 1728 1839 pactio-

235 1866 326 1894 num
347 1849 495 1905 reſpectu
511 1863 626 1891 contra
641 1852 755 1889 divina
771 1852 806 1890 &
822 1851 970 1888 humana
990 1850 1091 1892 jura,
1117 1857 1192 1882 tum
1210 1849 1310 1882 etiam
1325 1848 1529 1882 laudabilem
1554 1849 1727 1886 majorum

241 1911 438 1952 roſtrorum
456 1905 737 1946 conſuetudinem
752 1908 793 1942 ad
809 1904 1075 1944 Canonicatus
1051 1902 1075 1950 &
1089 1902 1285 1940 Præbendas
1302 1903 1403 1938 certis
1417 1898 1592 1936 menſibus
1609 1907 1730 1932 vacan-

242 1971 292 1999 tes
312 1960 548 2004 aſſumuntur,
582 1960 637 1994 cui
657 1969 746 1996 certe
764 1959 946 1995 deterrimo
971 1959 1056 1991 vitio
1080 1955 1190 1998 prima
1212 1953 1389 1998 apoſtolica
1410 1951 1542 1988 eccleſia
1568 1950 1676 1986 ſancto
1694 1951 1730 1988 &

239 2009 402 2057 religioſo
416 2010 554 2048 conſilio
568 2009 599 2046 ſe
610 2005 788 2053 oppoſuit,
814 2007 952 2049 quando
966 2003 1202 2041 Diaconorum
1221 2006 1253 2039 &
1265 2001 1509 2038 Miniſtrorum
1526 1999 1726 2037 electionem

240 2070 312 2096 non
329 2059 391 2094 uni
409 2059 546 2101 privatæ
561 2055 709 2103 perſonæ
727 2054 780 2090 ſed
796 2053 1037 2091 communitati
1051 2051 1229 2093 conceſſit,
1265 2049 1362 2089 cujus
1378 2047 1519 2093 quidem
1539 2045 1727 2093 apoſtolicæ

234 2114 279 2152 &
292 2109 461 2156 primævæ
476 2108 628 2148 Eccleſiæ
649 2106 765 2144 ſanctis
788 2104 937 2150 veſtigiis
962 2101 1177 2145 inhærendo,
1213 2110 1250 2135 ut
1272 2099 1498 2146 impoſterum
1524 2096 1678 2145 Collegia
1695 2099 1731 2137 &

241 2156 394 2198 Eccleſiæ
413 2156 454 2193 ab
476 2157 527 2192 his
551 2158 586 2194 &
608 2154 770 2193 ſimilibus
795 2150 1026 2188 incommodis
1048 2151 1252 2191 liberentur,
1281 2146 1551 2187 nominationes,
1578 2152 1731 2183 collatio-

240 2220 305 2245 nes
321 2210 356 2246 &
373 2203 582 2255 proviſiones
596 2202 889 2246 Canonicatuum,
916 2198 1194 2243 Præbendarum,
1223 2198 1453 2236 Paſtoratuum
1471 2197 1504 2233 &
1515 2197 1732 2245 Officiorum,

239 2268 283 2294 ut
297 2267 401 2302 pure,
427 2257 529 2294 libere
543 2258 578 2293 &
597 2252 794 2300 ſimpliciter
810 2252 939 2299 absque
954 2251 1020 2289 ulla
1038 2251 1156 2288 fraude
1178 2251 1212 2285 &
1228 2250 1305 2286 dolo
1337 2250 1352 2286 &
1384 2246 1449 2283 ſine
1473 2250 1575 2282 unius
1593 2253 1734 2293 impreſ-

243 2308 337 2348 ſione
350 2317 407 2348 aut
418 2306 535 2356 aliquo
547 2305 682 2354 privato
699 2304 734 2344 &
746 2303 874 2345 ſiniſtro
889 2301 999 2342 ſtudio
1021 2299 1158 2350 poſthac
1180 2297 1309 2347 ubique
1326 2299 1408 2336 fiant
1425 2300 1460 2336 &
1486 2302 1527 2336 de
1550 2311 1732 2351 communi

1566 2369 1685 2409 totius
