2468 2759
623 433 703 476 OB
703 433 961 476 VICINIAM
961 433 1187 476 ILLICITI.

1497 446 1570 485 27

239 523 379 559 terum
396 518 691 559 Conciliorum
708 518 727 534 *
743 516 987 570 exemplum
1011 516 1338 570 prohibuerunt,
1356 529 1408 556 ne
1427 519 1554 559 Chri-

238 575 469 619 ſtianorum
505 578 709 618 Cœtuum
741 576 977 622 Antiſtiſtes
1005 590 1051 619 ea
1078 575 1391 632 frequentarent
1433 576 1551 625 loca,

239 636 346 692 quæ
338 632 373 690 ſi
389 638 432 675 in
449 633 486 674 ſe
504 632 747 690 ſpeƈtentur,
757 633 850 675 ſunt
865 632 1036 676 honeſta
1057 636 1099 676 &
1115 634 1305 675 humano
1322 636 1466 687 generi
1475 633 1549 676 ad-

236 688 415 729 modum
433 687 560 732 utilia.
591 687 659 729 Sic
674 685 792 729 verbi
814 690 946 742 gratia
964 691 1165 731 Miniſtris
1180 689 1370 730 Eccleſiæ
1386 689 1429 728 in
1448 701 1546 729 cau-

238 745 364 794 ponis
381 740 520 784 bibere
538 738 807 784 interdiƈtum
834 740 889 782 eſt
907 743 950 784 in
969 740 1244 783 Ordinatione
1266 741 1545 785 Eccleſiaſticâ

235 800 475 845 ſereniſſimi
491 802 696 856 Principis
718 799 933 853 Friderici,
952 801 1309 844 Brunſvicenſium
1330 814 1377 842 ac
1397 802 1541 842 Lune-

234 856 507 912 burgenſium
522 859 653 902 Ducis
671 860 707 879 **
725 856 776 899 de
794 868 877 913 qua
895 857 935 899 in
954 857 1173 914 poſteriori
1191 855 1314 911 hujus
1341 857 1541 901 diſcurſus

235 922 353 968 parte
369 911 526 955 iterum
549 913 627 955 erit
643 911 803 955 occaſio
825 925 924 956 cum
952 913 1072 958 laude
1096 912 1323 959 diſſerendi.
1380 913 1544 966 Quam-

234 975 302 1016 vis
318 975 432 1017 enim
449 972 559 1017 aƈtio
573 972 667 1026 iſta,
685 985 781 1016 cum
799 975 843 1015 in
864 972 1044 1019 tabernis
1062 974 1234 1017 ſumitur
1251 981 1398 1029 potus,
1415 984 1540 1028 regu-

236 1026 286 1070 lis
296 1027 524 1070 honeſtatis
534 1040 619 1068 non
629 1028 889 1074 adverſetur;
917 1038 1103 1068 attamen
1115 1026 1346 1069 confinium
1358 1028 1457 1070 mali
1466 1027 1542 1070 ob-

235 1083 332 1129 ſtat,
345 1088 434 1132 quo
452 1084 594 1123 minus
606 1079 674 1120 illa
702 1081 747 1120 ad
763 1073 975 1133 prohibita
1006 1095 1076 1121 non
1096 1077 1226 1131 debeat
1268 1081 1428 1122 referri.

773 1146 979 1194 XLIV.

360 1204 475 1246 Hinc
486 1204 610 1244 etiam
621 1200 672 1244 de
684 1203 920 1252 Quæſtione
932 1203 1005 1245 iſta
1014 1203 1249 1245 decantata:
1265 1203 1381 1245 Num
1392 1203 1539 1247 Eccle-

236 1264 302 1307 ſiæ
319 1262 520 1306 Miniſtris
538 1261 678 1306 ſaltare
697 1261 843 1306 liceat?
859 1260 1067 1317 judicium
1085 1259 1184 1305 ferri
1202 1263 1349 1319 poteſt.
1373 1263 1537 1306 Vnam-

239 1321 452 1364 quamque
468 1313 580 1352 enim
597 1311 855 1353 faltationem
872 1301 1039 1368 turpem
1048 1308 1071 1365 &
1051 1310 1286 1353 illicitam
1303 1310 1439 1353 dicere
1457 1311 1541 1354 ſani

239 1388 328 1417 non
345 1373 497 1424 audent
510 1373 733 1430 Theologi.
793 1376 877 1427 Qui
894 1378 1021 1417 etiam
1040 1374 1208 1419 duriora
1227 1373 1333 1418 diƈta
1343 1378 1387 1418 in
1397 1376 1539 1418 Cano-

239 1431 363 1476 nibus
388 1431 679 1477 Conciliorum
702 1435 721 1452 *
745 1434 788 1475 &
813 1433 970 1487 ſcriptis
995 1434 1167 1474 Patrum
1199 1426 1462 1474 occurrentia
1488 1432 1540 1475 de

239 1485 464 1540 impudicis
481 1488 524 1528 &
538 1487 682 1543 impiis
695 1486 875 1530 Choreis
890 1488 1231 1542 interpretantur.
1286 1487 1401 1529 Cum
1421 1490 1543 1528 enim

240 1543 361 1588 multi
380 1545 603 1589 Chriſtiani
624 1544 752 1591 officii
770 1546 827 1591 ſui
846 1545 1184 1590 obliviſcerentur
1213 1547 1235 1585 &
1259 1545 1300 1586 ad
1318 1544 1539 1598 gentilium

241 1608 407 1638 morem
424 1596 474 1637 ab
491 1592 714 1639 impudicis
732 1587 911 1651 geſtibus
926 1585 978 1638 ad
995 1594 1234 1651 impudicos
1252 1597 1368 1638 aƈtus
1385 1595 1537 1639 dilabe-

241 1665 411 1705 rentur,
429 1653 540 1697 malo
555 1644 654 1705 huic
678 1651 985 1696 occurrendum
1011 1663 1110 1695 erat.
1167 1652 1309 1709 Atque
1324 1662 1370 1694 ut
1390 1650 1471 1694 hoc
1490 1665 1538 1695 o-

242 1717 350 1752 biter
366 1721 532 1761 notem,
556 1712 664 1753 inter
677 1708 895 1760 utilitates,
911 1720 1002 1763 quæ
1023 1722 1074 1752 ex
1090 1705 1379 1752 Conciliorum
1397 1709 1541 1754 leƈtio-

241 1783 295 1811 ne
313 1775 365 1813 ad
378 1773 566 1813 eruditos
583 1764 830 1821 redundant,
839 1766 968 1813 refert
986 1778 1108 1812 autor
1124 1767 1231 1812 infra
1248 1770 1409 1818 citatus,
1426 1766 1543 1824 quod

899 1835 938 1878 D
977 1847 996 1874 2

1384 1830 1559 1874 ſucces-

283 1932 301 1954 *
323 1931 451 1958 Exempli
466 1930 561 1958 gratia
575 1926 602 1954 id
617 1924 712 1953 ſaltem
728 1918 833 1951 affero,
848 1912 927 1952 quod
943 1914 971 1943 in
987 1916 1121 1944 Concilio
1137 1915 1303 1945 Laodiceno
1317 1908 1407 1955 ſeculo
1422 1918 1463 1945 IV.
1473 1924 1544 1943 con-

370 1976 507 1993 gregato
507 1971 657 1994 decretum
666 1972 704 1993 eſt
718 1961 843 1990 Cap.
804 1961 855 1992 24,
867 1955 953 1990 Quod
965 1953 1062 1978 nullus
1086 1954 1344 1989 Eccleſiaſticorum
1359 1959 1393 1978 in
1413 1949 1546 1979 tabernis

319 1997 518 2033 comedere
527 1997 641 2038 debeat.

280 2051 317 2074 **
339 2058 365 2088 p.
376 2053 417 2081 24.

282 2090 301 2093 *
282 2091 301 2117 *
321 2106 346 2129 c.
358 2098 384 2125 9.
402 2079 529 2114 Coucilii
545 2090 701 2115 Laodiceni
711 2095 770 2115 Sec.
784 2081 829 2121 IV.
841 2091 914 2120 Cap.
928 2082 995 2120 LIII.
1016 2072 1074 2123 Ὅτι
1090 2072 1139 2121 δεῖ
1151 2063 1318 2114 χϱιςιανȣ̀ς
1325 2065 1366 2118 ἐις
1373 2060 1489 2122 γάμȣς
1506 2064 1548 2103 ἀ-

336 2125 534 2179 πεϱχομένȣς
540 2123 586 2169 μὴ
588 2121 770 2174 βαλλίζεινἣ
770 2125 792 2175 ἣ
801 2126 946 2175 ὀϱχεῖϑει
967 2127 1054 2170 ἀλλὰ
1063 2128 1185 2172 σεμνῶς
1200 2125 1322 2164 δειπνεῖν
1338 2123 1356 2165 ἠ
1374 2121 1494 2176 ἀϱιςᾶγ
1508 2125 1550 2170 ἱος

312 2175 623 2231 πϱεπειχϱιϭιανοῖς.
675 2172 763 2214 Quod
777 2184 832 2200 non
845 2181 954 2209 oportet
983 2174 1161 2213 Chriſtianos
1185 2174 1227 2201 ad
1239 2176 1363 2210 Nuptios
1383 2166 1556 2207 venientes,

340 2235 451 2274 ballare
469 2225 524 2265 vel
532 2224 658 2264 ſaltare.
702 2225 757 2253 Sed
766 2223 842 2262 caſtè
858 2233 969 2252 cœnare
983 2226 1039 2254 vel
1047 2225 1208 2262 prandere
1217 2222 1298 2261 ſicut
1311 2225 1393 2255 decet
1410 2222 1556 2265 Chriſtia-

342 2287 400 2320 nos.
450 2273 507 2308 Qui
526 2269 626 2297 Canon
651 2269 725 2299 inter
744 2269 876 2299 Canones
891 2269 1015 2299 Eccleſiæ
1030 2268 1162 2298 univerſæ
1176 2268 1191 2297 à
1205 2268 1364 2307 Juſtiniano
1382 2270 1561 2310 Imperatore

344 2315 528 2353 confirmatos
547 2309 585 2337 eſt
598 2307 763 2338 centeſimos
785 2300 1035 2347 quinquageſimus
1062 2306 1203 2347 ſeptimus.
1237 2308 1279 2339 Ex
1294 2307 1466 2340 Recenſione
1479 2308 1510 2338 G.
1526 2312 1552 2340 T.

343 2370 468 2396 MEIERI
485 2366 549 2395 Viri
563 2351 726 2392 meritiſſimi
739 2362 757 2394 p.
778 2361 819 2392 117.
837 2345 981 2386 invenitur
999 2351 1072 2394 apud
1085 2352 1242 2385 Caranzam
1257 2353 1347 2385 ſumm.
1365 2355 1446 2384 Conc.
1462 2361 1479 2391 p.
1489 2358 1540 2389 139.
