2527 2645
917 323 1171 374 VETERVM.

1633 334 1682 370 21

382 403 558 453 ditioſum,
573 399 598 457 &
623 403 833 456 improbum,
848 407 953 442 civem
975 405 1154 455 appellat:
1191 409 1241 443 cui
1263 418 1306 443 ne
1324 405 1485 451 reditus,
1510 403 1673 455 quidem,

382 458 431 498 ad
445 458 557 504 bonos,
564 457 745 507 ſalutem,
761 471 783 495 a
800 455 910 506 bonis,
931 456 1059 509 afferre
1070 462 1231 509 potuerit.
1288 460 1477 507 Tempus,
1488 470 1564 507 quo
1581 458 1671 496 haec

381 518 435 555 lex
454 516 522 555 lata
538 514 630 564 fuit,
647 513 897 554 determinare
912 518 970 553 vix
989 514 1222 563 ſuſtinemus,
1244 525 1329 552 cum
1349 515 1566 566 Scriptores,
1584 523 1672 564 qua-

378 581 463 610 tuor
485 572 610 621 annis,
637 572 733 611 inter
754 571 802 622 ſe,
828 572 1046 623 diſcrepent.
1104 571 1360 624 Hoffmannus,
1385 572 1422 609 in
1451 572 1596 622 primis,
1624 583 1671 610 ne

379 627 530 677 quidem
547 630 585 667 in
605 627 700 667 Coſſ.
717 641 803 666 cum
823 626 972 666 Gruchio
987 628 1187 675 convenit,
1211 639 1297 666 cum
1321 629 1378 667 ille
1402 633 1443 668 A.
1464 632 1507 670 V.
1528 631 1570 667 C.
1595 628 1670 667 621.

378 686 475 727 Coſſ.
493 692 528 728 P.
545 690 630 738 Pop.
654 688 831 732 Laenate,
856 688 891 726 &
912 690 947 725 P.
965 687 1116 739 Rupilio
1139 688 1250 736 Nep.,
1268 686 1324 725 hic
1343 700 1429 725 vero
1441 690 1484 726 A.
1495 691 1537 726 V.
1549 690 1589 726 C.
1599 687 1672 734 625.

380 739 478 780 Coſſ.
505 743 548 780 C.
568 740 787 789 Sempronio
812 740 1027 783 Tuditano,
1041 746 1151 790 atque
1179 734 1264 786 Man.
1284 731 1447 794 Aquillio,
1469 740 1577 777 latam
1588 739 1669 785 eſſe,

380 791 587 831 contendit.
645 788 691 846 Si,
688 791 850 841 judicio
866 791 1100 836 accuratiori,
1125 805 1180 830 res
1207 792 1455 839 decideretur,
1482 790 1669 843 Hoffman-

381 862 485 896 num,
502 847 645 895 forſan,
662 849 834 889 ſtantibus
851 849 994 889 Gruchii
1007 849 1232 896 rationibus,
1251 848 1400 887 humani
1418 848 1526 900 quid,
1544 849 1615 887 hoc
1631 850 1669 886 in

381 905 559 958 negotio,
578 904 712 958 paſſum
730 906 821 957 eſſe,
837 908 1034 947 videretur.
1094 910 1209 956 Nam,
1227 920 1268 946 ex
1280 908 1428 947 Hiſtoria
1443 908 1515 957 jam
1526 905 1671 946 conſta-

383 975 441 1010 re,
459 964 631 1002 Gruchius
645 963 816 1011 affirmat,
840 965 884 1000 C.
901 965 1026 1015 Papyr.
1049 964 1285 1009 Carbonem,
1314 975 1358 1000 eo
1383 975 1501 1009 anno,
1526 965 1669 1002 Tribu-

381 1030 473 1057 num
497 1018 610 1070 plebis
631 1015 754 1066 fuiſſe,
787 1029 864 1069 quo
891 1027 1058 1057 mortuus
1081 1018 1133 1058 eſt
1157 1018 1351 1058 Africanus
1373 1019 1503 1058 minor.
1559 1020 1672 1069 Atqui

382 1079 558 1115 CICERO
580 1077 636 1125 (z)
653 1076 722 1122 ait,
747 1087 940 1115 mortuum
965 1075 1194 1127 Africanum,
1210 1077 1421 1124 Tuditano,
1438 1076 1474 1114 &
1496 1076 1672 1127 Aquillio,

382 1130 501 1178 Coſſ.,
530 1130 630 1170 unde
647 1129 902 1182 conſequitur,
919 1129 1042 1182 legem
1060 1131 1287 1170 tabellariam
1307 1132 1510 1179 Carbonis,
1536 1131 1672 1169 eodem

382 1185 456 1225 hoc
473 1197 593 1232 anno,
617 1184 728 1227 latam
745 1183 870 1235 fuiſſe;
899 1185 963 1236 qui
978 1196 1115 1233 annus,
1140 1184 1184 1234 ſi,
1202 1183 1346 1234 denuo,
1363 1195 1584 1235 computum
1604 1197 1673 1221 no-

380 1242 494 1281 ſtrum
511 1241 768 1288 obſervemus,
790 1253 870 1279 non
886 1241 926 1280 in
951 1242 1018 1292 625.
1042 1241 1105 1281 ſed
1120 1244 1206 1291 624.
1220 1244 1264 1281 V.
1281 1245 1325 1281 C.
1348 1242 1496 1283 incidet.
1563 1242 1673 1283 Miſſo

381 1304 581 1346 computo,
598 1295 646 1333 de
662 1308 701 1334 re
720 1294 790 1346 ipſa
806 1294 1053 1346 inquiramus,
1078 1306 1194 1343 quae,
1219 1294 1401 1342 breviter,
1427 1297 1465 1332 in
1483 1307 1531 1332 eo
1550 1295 1671 1334 conſi-

382 1352 520 1399 ſtebat,
536 1359 597 1396 ut,
615 1351 655 1388 in
671 1350 854 1402 poſterum,
891 1352 930 1388 in
947 1350 1139 1401 jubendis,
1156 1350 1413 1400 vetandisque,
1430 1349 1591 1402 legibus,
1610 1362 1675 1400 po-

381 1406 489 1459 pulus
515 1407 686 1447 tabellam
712 1407 914 1447 adhiberet.
972 1407 1156 1458 Supereſt,
1178 1405 1352 1452 tandem,
1370 1415 1515 1456 quarta,
1534 1408 1672 1454 Coelia,

383 1476 404 1502 a
420 1465 542 1510 Coelio,
557 1462 715 1503 Tribun.
733 1461 828 1513 pleb.
853 1461 943 1510 lata,
967 1463 1048 1511 qui,
1075 1465 1234 1500 Cicerone
1256 1461 1396 1511 judice,
1418 1461 1536 1513 quoad
1558 1465 1671 1507 vixit,

385 1514 521 1566 docuit,
549 1513 595 1563 ſe
618 1524 657 1552 ut
680 1517 891 1565 opprimeret
920 1521 956 1555 C.
982 1517 1173 1567 Popilium,
1196 1516 1305 1553 etiam
1328 1515 1484 1566 Reipubl.
1517 1515 1669 1565 nocuiſſe.

385 1572 477 1622 Quo
494 1583 594 1611 anno
610 1574 683 1613 hoc
699 1571 839 1611 factum
856 1572 917 1621 ſit,
936 1572 1114 1611 Gruchius
1132 1572 1301 1615 oſtendit.
1360 1573 1471 1619 Dicit,
1488 1574 1603 1617 enim,
1617 1577 1675 1609 Ci-

384 1640 538 1666 ceronem
555 1626 774 1679 ſignificare,
792 1639 838 1664 eo
858 1639 958 1664 anno
975 1626 1110 1677 legem,
1127 1640 1143 1666 a
1157 1628 1289 1666 Coelio
1309 1627 1443 1670 Iatam,
1456 1639 1530 1676 quo
1548 1631 1591 1667 C.
1604 1633 1673 1666 Po-

383 1684 489 1736 pilius
506 1685 544 1722 in
562 1684 710 1723 exilium
721 1683 828 1732 abiit;
855 1695 899 1722 ex
914 1683 1074 1734 hiſtoria,
1090 1692 1236 1728 autem,
1264 1683 1463 1729 Plutarchi,
1483 1681 1669 1730 conſtare,

381 1739 533 1778 exilium
544 1738 679 1790 Popilii,
702 1732 734 1788 in
744 1738 866 1790 primo
884 1739 1070 1777 tribunatu
1081 1739 1237 1777 Gracchi,
1271 1735 1476 1789 contigiſſe,
1489 1750 1597 1787 quare
1608 1750 1672 1774 ne-

385 1792 575 1835 ceſſarium
592 1791 681 1842 eſſe,
701 1793 837 1844 pergit,
855 1794 1050 1841 Coelium,
1069 1793 1206 1832 eodem
1226 1805 1347 1841 anno,
1366 1806 1498 1833 munus
1509 1796 1670 1833 Tribuni

387 1849 501 1901 plebis
524 1849 673 1902 geſſiſſe.
738 1852 839 1897 Erat,
865 1858 1009 1894 autem,
1034 1852 1078 1888 C.
1095 1850 1285 1889 Gracchus
1307 1851 1492 1890 Tribunus
1510 1851 1670 1900 primum

384 1907 481 1950 Coſſ.
515 1901 554 1965 Q.
568 1909 731 1958 Caecilio
754 1910 907 1949 Metello
933 1909 1136 1958 Balearico,
1161 1910 1198 1946 &
1215 1910 1263 1945 T.
1280 1910 1460 1960 Quinctio
1477 1909 1670 1955 Flaminio,

386 1963 551 2002 A.V.C.
568 1959 593 1998 ſi
610 1957 769 2007 Gruchii,
788 1957 875 2006 631.,
893 1959 1002 1996 Anno
1020 1971 1109 1997 vero
1126 1962 1202 2006 630.
1221 1958 1244 1997 ſi
1262 1958 1402 2006 noſtro,
1421 1968 1599 2008 computo
1617 1959 1671 1996 in-

384 2013 611 2052 haereamus.
670 2013 758 2059 Hic,
775 2013 918 2062 itaque,
935 2013 1101 2061 Coelius,
1125 2011 1231 2063 quod
1256 2013 1388 2065 reliqui
1413 2026 1544 2051 omnes
1567 2025 1670 2050 exce-

386 2080 534 2121 perant,
549 2070 587 2107 in
604 2068 700 2121 ipſo,
718 2070 975 2121 perduellionis
992 2071 1168 2116 crimine,
1189 2082 1265 2106 non
1287 2082 1397 2117 voce,
1413 2070 1589 2120 amplius,
1610 2070 1671 2110 ſed

383 2127 536 2175 tabella,
553 2126 771 2167 ſententiam
792 2126 886 2166 ferre
903 2126 1004 2177 juſſit.
1062 2126 1262 2180 Quamvis,
1279 2138 1389 2175 vero,
1415 2134 1559 2165 tantum
1578 2138 1668 2175 qua-

1072 2190 1145 2230 C3

1569 2197 1669 2230 tuor,

432 2243 489 2289 (z)
515 2245 579 2281 Lib.
595 2245 633 2281 Il.
655 2243 694 2280 de
708 2248 838 2280 Natura
854 2246 950 2279 Dcor.
