3029 3970
866 483 997 506 ALEXIO,
1008 477 1060 504 ŏnis,
1067 474 1186 503 medicus,
1193 472 1302 498 Ciceroni
1309 470 1441 499 familiaris,
1451 469 1480 493 de
1494 476 1542 501 quo
1554 468 1582 491 ad
1587 468 1636 492 Att.
1643 473 1696 495 7,2;

840 527 863 550 13,
872 525 908 545 25;
929 518 978 545 &15,
989 516 1024 548 1ſq.

871 532 1183 563 ĂLEXĬPHARMĂCVM,
1208 532 1225 559 i,
1237 529 1423 561 ἀλεξιϕάϱμαϰον,
1430 527 1561 556 antidotus,
1573 526 1698 552 remedium

844 582 924 598 contra
932 581 1031 602 venena,
1038 573 1133 603 theriack,
1142 577 1218 601 artzney
1225 572 1289 596 wider
1302 571 1355 599 gifft.
1386 567 1477 593 Plinius
1490 574 1518 593 21,
1532 574 1558 590 20
1571 566 1619 589 Nec
1630 563 1698 594 magis

843 604 889 627 alia
895 604 960 627 herba
967 609 1052 634 [quam
1063 601 1172 632 polium]
1184 600 1284 624 convenit
1295 598 1461 624 medicamento,
1473 596 1532 627 quod
1540 592 1702 625 alexipharma-

844 648 882 664 con
894 645 979 663 vocant.

873 665 1068 692 ĂLEXĬRHŎE,
1076 668 1103 688 es,
1110 659 1221 690 nympha,
1233 664 1284 689 quæ
1295 657 1386 688 peperit
1399 654 1509 683 Æſacon,
1520 653 1604 679 Priami
1615 651 1702 680 filium,

846 702 910 726 Ovid.
924 701 982 724 Met.
990 708 1014 725 II,
1019 700 1058 730 763.
1071 697 1099 721 al.
1110 697 1242 726 Alyxothoe.

877 728 1001 751 ĂLEXIS,
1009 732 1033 751 is,
1047 728 1061 747 &
1069 727 1119 750 ĭdis,
1130 722 1204 746 Aſinii
1216 720 1330 746 Pollionis
1343 716 1427 744 ſervus.
1458 718 1519 743 Vide
1530 715 1605 741 Servii
1616 713 1705 745 expoſi-

845 762 940 785 tionem
953 760 979 783 in
992 759 1086 791 Virgilii
1097 758 1155 781 illud
1169 758 1210 780 ecl.
1223 763 1259 783 2,1
1288 753 1409 786 Formoſum
1419 753 1494 785 paſtor
1514 748 1605 782 Corydon
1614 750 1704 774 ardebat

847 793 937 817 Alexin.
996 796 1012 818 ¶
1026 799 1045 813 2.
1059 789 1138 812 Alexis
1143 786 1218 812 Attici
1223 784 1388 814 Amanuenſis;
1402 781 1596 814 quemadmodum
1604 790 1631 805 ex
1638 780 1705 805 Cice-

847 823 910 847 ronis
918 822 1020 853 epiſtolis
1027 821 1054 843 ad
1062 820 1162 843 eundem
1169 823 1269 848 apparet.
1289 818 1360 841 Libro
1367 816 1431 840 enim
1438 822 1451 845 7
1458 815 1520 845 epiſt.
1529 823 1539 838 2
1550 813 1654 837 Alexidis
1659 820 1706 836 ma-

847 859 906 878 num,
912 857 999 882 inquit,
1004 851 1110 878 amabam,
1116 849 1174 880 quod
1177 854 1222 871 tam
1224 852 1294 879 prope
1298 845 1410 870 accedebat
1415 846 1448 868 ad
1450 842 1616 875 ſimilitudinem
1626 848 1667 865 tuæ
1677 842 1706 866 li-

850 890 901 907 teræ.
966 888 983 914 ¶
983 888 1015 914 3.
1030 882 1109 906 Alexis
1117 883 1187 905 Poëta
1195 880 1295 907 Græcus,
1303 885 1331 902 ex
1338 885 1384 908 quo
1391 877 1462 900 multa
1468 877 1569 900 Stobæus
1577 872 1706 898 annotavit:

848 920 918 944 Adde
924 917 1027 943 Voſſium
1034 917 1062 939 de
1070 915 1148 940 Poëtis
1156 913 1241 938 Græcis
1256 921 1260 935 c.
1271 910 1292 938 8.
1345 916 1361 939 ¶
1375 919 1399 942 4.
1413 909 1466 935 Fuit
1477 911 1494 934 &
1499 909 1577 937 Alexis
1588 906 1704 932 ſtatuarius

849 955 910 980 Plin.
921 954 982 982 34.8.

879 973 1034 1000 ALFENVS,
1042 972 1063 994 &
1069 969 1177 997 Alfinius,
1185 969 1200 996 i,
1207 977 1234 992 ex
1239 968 1316 992 ſutore
1322 968 1373 991 Iure
1379 966 1502 992 conſultus.
1511 964 1573 990 Vide
1584 961 1709 988 Horatium

850 1011 904 1034 1Sat.
918 1016 960 1040 3v.
969 1017 1009 1038 130,
1022 1009 1044 1032 &
1050 1008 1084 1031 ibi
1091 1013 1195 1032 veterem
1200 1005 1366 1035 Interpretem;
1374 1003 1415 1034 qui
1421 1001 1513 1033 integre
1518 1000 1622 1032 Alfinium
1630 1001 1710 1024 Varum

854 1040 1013 1071 Cremonenſem
1019 1045 1092 1063 vocat.
1122 1037 1211 1061 Laudat
1217 1043 1287 1060 etiam
1294 1035 1384 1059 Gellius
1392 1036 1406 1057 6,
1420 1040 1438 1061 5,
1443 1039 1477 1060 ut,
1483 1031 1606 1063 diſcipulum
1613 1033 1657 1055 Ser.
1665 1032 1712 1055 Sul-

847 1071 911 1103 picii,
918 1077 1030 1102 rerumque
1036 1073 1174 1100 antiquarum
1180 1076 1223 1091 non
1229 1065 1363 1099 incurioſum.
1391 1065 1460 1091 Adde
1466 1065 1515 1095 Leg.
1527 1071 1539 1086 2
1545 1062 1599 1094 Dig.
1605 1061 1634 1086 de
1647 1060 1712 1093 Orig.

851 1108 907 1130 Iuris
920 1102 979 1134 §44.

880 1135 962 1161 Alfius,
970 1131 1023 1156 vide
1035 1131 1133 1163 Alphius.

883 1165 975 1186 ALGA,
984 1167 1009 1184 æ,
1015 1161 1029 1182 f.
1038 1160 1108 1182 herba
1116 1155 1202 1180 marina
1207 1155 1294 1180 nullius
1300 1153 1366 1181 uſus,
1372 1159 1449 1183 quam,
1455 1150 1550 1177 dicente
1563 1151 1640 1178 Feſto,
1652 1157 1713 1174 mare

853 1198 886 1220 ad
889 1197 950 1219 littus
952 1195 1051 1228 projicit,
1058 1196 1120 1218 unde
1128 1193 1213 1217 inutilis
1220 1192 1343 1223 epitheton
1352 1191 1374 1214 ei
1380 1190 1491 1215 Horatius
1504 1187 1586 1219 tribuit
1586 1187 1602 1218 3
1609 1186 1646 1211 od.
1653 1193 1683 1216 17,
1689 1193 1713 1208 10

853 1225 981 1264 meer⸗graß,
997 1223 1141 1257 meer⸗kraut.
1152 1226 1217 1250 Idem
1217 1226 1236 1249 2
1247 1226 1292 1248 Sat.
1298 1230 1317 1252 5,
1324 1228 1337 1250 8

994 1256 1022 1273 Et
1025 1258 1092 1281 genus
1107 1254 1117 1274 &
1129 1254 1208 1276 virtus,
1220 1251 1264 1278 niſi
1268 1255 1312 1270 cum
1319 1254 1351 1273 re,
1357 1245 1426 1268 vilior
1432 1244 1483 1276 alga
1490 1243 1525 1275 eſt.

885 1292 903 1315 ¶
917 1285 1043 1318 Algõſus,
1031 1287 1056 1319 a,
1062 1291 1098 1310 um,
1109 1283 1151 1316 voll
1152 1288 1201 1310 vom
1208 1280 1340 1311 meer⸗graß;
1354 1286 1394 1306 ut,
1403 1280 1456 1302 locus
1468 1275 1563 1308 algoſus,
1576 1277 1600 1300 id
1607 1277 1653 1303 eſt,
1666 1274 1713 1307 alga

858 1321 995 1346 abundans:
1007 1319 1060 1344 Plin.
1074 1326 1116 1349 32c.
1130 1327 1143 1347 9
1160 1318 1241 1341 Vivunt
1252 1325 1275 1339 in
1282 1315 1359 1346 algoſis
1370 1321 1464 1343 myaces;
1479 1313 1520 1336 ubi
1532 1313 1583 1337 locis
1589 1309 1714 1336 ſubaudias.

858 1354 944 1378 Auſon.
953 1351 1009 1381 epiſt.
1022 1358 1061 1381 7v.
1068 1358 1097 1379 42
1102 1348 1195 1380 algoſum
1202 1348 1268 1372 littus.

887 1381 917 1409 ¶
917 1378 1029 1408 Algenſis,
1035 1384 1056 1401 e,
1062 1374 1136 1406 quod
1133 1379 1154 1409 in
1163 1375 1211 1407 alga
1216 1373 1315 1397 naſcitur
1320 1372 1359 1396 vel
1365 1371 1480 1399 nutritur,
1486 1374 1527 1396 aus
1533 1369 1581 1396 dem
1588 1367 1712 1398 meer⸗graß.

857 1410 910 1435 Plin
923 1415 976 1442 9.37
991 1410 1140 1440 Purpurarum
1143 1413 1210 1436 genus
1214 1405 1300 1435 algenſe
1306 1404 1423 1427 enutritum
1434 1403 1492 1432 alga.

887 1448 905 1471 ¶
917 1442 1052 1473 Algiãnus,
1043 1443 1069 1474 a,
1077 1447 1114 1468 um,
1123 1439 1196 1467 idem;
1210 1445 1250 1466 ut,
1262 1439 1310 1461 Olea
1320 1434 1416 1470 algiana,
1430 1435 1522 1459 Colum.
1529 1439 1548 1463 5,
1556 1437 1577 1459 8.

889 1475 1053 1497 ALGEBRA,
1066 1477 1093 1495 æ,
1105 1469 1201 1492 Arabica
1213 1473 1363 1490 numerorum
1375 1464 1476 1489 ſcientia.
1489 1462 1535 1486 vid.
1550 1462 1613 1492 Caſp.
1625 1460 1716 1485 Schotti

856 1506 916 1530 Curſ.
926 1503 1037 1528 Mathem.
1045 1509 1066 1532 p.
1074 1503 1121 1529 526.

887 1538 1004 1559 ALGEO,
1011 1533 1058 1562 alſi,
1064 1531 1139 1561 alſum,
1146 1531 1190 1557 ĕre,
1195 1528 1286 1561 frigere,
1297 1526 1383 1556 frieren,
1391 1527 1419 1550 ab
1433 1525 1520 1555 ἀλγέω,
1531 1525 1598 1549 doleo.
1626 1522 1717 1547 Plinius

856 1575 891 1596 14,
898 1577 912 1598 9
919 1568 983 1591 donec
989 1567 1064 1590 bruma
1071 1564 1175 1596 tranſeat,
1190 1565 1201 1589 &
1213 1563 1336 1596 conſuetudo
1343 1563 1382 1592 fiat
1387 1562 1481 1593 algendi.
1510 1562 1540 1585 Et
1547 1568 1575 1588 17,
1582 1568 1606 1590 23
1612 1565 1667 1584 extr.
1675 1559 1718 1583 Ta-

858 1599 892 1623 lia
898 1598 970 1621 ulcera
976 1597 1064 1626 dificile
1063 1594 1189 1626 ſaneſcunt,
1197 1593 1288 1625 algendo
1294 1587 1359 1615 nimis
1364 1589 1501 1622 æſtuandove.
1534 1590 1615 1614 Horat.
1622 1588 1652 1611 de
1657 1584 1717 1611 Arte

858 1636 918 1660 poët
931 1637 946 1651 v.
958 1636 994 1658 413
1037 1625 1114 1652 Multa
1120 1627 1172 1650 tulit
1172 1625 1270 1658 fecitque
1271 1629 1335 1655 puer,
1336 1620 1430 1653 ſudavit
1437 1618 1451 1653 &
1465 1623 1521 1652 alſit.

857 1662 887 1686 ¶
887 1662 910 1685 2.
926 1657 971 1684 Per
975 1656 1134 1686 metaphoram
1140 1653 1250 1685 ſignificat
1255 1651 1349 1683 negligi.
1378 1649 1494 1674 Iuvenalis
1507 1649 1546 1672 Sat.
1566 1655 1587 1673 1,
1600 1654 1631 1677 74
1640 1648 1718 1671 Probi-

859 1697 894 1715 tas
901 1691 998 1714 laudatur
1011 1689 1036 1714 &
1042 1689 1108 1719 alget,
1115 1688 1139 1710 id
1147 1687 1185 1714 eſt,
1191 1683 1324 1720 negligitur,
1330 1692 1380 1707 non
1388 1680 1512 1713 expetitur,
1520 1681 1586 1712 pauci
1594 1688 1644 1704 eam
1656 1687 1719 1703 exer-

859 1730 923 1750 cent,
937 1721 1023 1746 etiamſi
1033 1720 1138 1745 laudetur
1147 1726 1193 1743 nec
1204 1716 1330 1749 vituperari
1342 1716 1417 1748 poſſit,
1430 1712 1575 1745 froͤmmigkeit
1586 1712 1655 1743 achter
1667 1718 1718 1739 man

859 1757 917 1784 nicht
930 1758 988 1786 groß.

890 1785 907 1808 ¶
920 1781 1015 1811 Algens,
1022 1779 1057 1806 tis,
1066 1778 1115 1806 kalt,
1123 1776 1207 1807 froſtig;
1223 1781 1256 1803 ut,
1268 1773 1397 1805 Algentibus
1406 1768 1468 1808 locis,
1479 1771 1536 1796 Plin.
1543 1778 1576 1801 14,
1583 1778 1601 1792 2.
1615 1769 1721 1801 Algentes

856 1820 948 1850 pruinæ,
956 1820 1005 1841 Stat.
1017 1818 1088 1842 Theb.
1100 1825 1117 1846 3,
1124 1815 1178 1844 469.

891 1847 906 1870 ¶
922 1841 1028 1872 Algeſco,
1036 1841 1076 1865 ĕre,
1088 1840 1193 1868 gefrieren,
1205 1837 1246 1862 kalt
1260 1830 1362 1870 werden.
1377 1828 1515 1868 Prudentius
1527 1831 1641 1865 Apotheoſ.
1653 1840 1675 1853 v.
1682 1838 1721 1860 142

1082 1872 1163 1896 rabiem
1172 1872 1314 1903 flammarum
1326 1867 1431 1898 algeſcere
1438 1867 1500 1897 cogit.

889 1900 916 1932 ¶
916 1899 1047 1931 Inalgeſco,
1055 1907 1097 1925 ere,
1102 1901 1172 1921 idem.
1179 1899 1248 1920 Corn.
1256 1896 1337 1926 Celſus
1337 1903 1374 1929 3,3
1379 1894 1416 1925 ubi
1422 1899 1522 1917 extremæ
1529 1897 1608 1923 partes
1620 1890 1723 1914 membro-

860 1947 908 1963 rum
914 1936 1051 1969 inalgeſcunt.

893 1968 910 1992 ¶
924 1964 1037 1991 Algĭdus,
1045 1968 1072 1987 a,
1082 1967 1124 1986 um,
1133 1957 1246 1987 frigidus,
1249 1953 1311 1993 kalt;
1323 1963 1361 1984 ut,
1372 1954 1407 1978 nix
1416 1954 1499 1986 algida,
1507 1953 1590 1978 Catull.
1597 1960 1633 1983 ep.
1640 1954 1678 1981 64.
1693 1953 1724 1976 Et

851 1992 915 2032 ſaxa
927 1993 1007 2030 algida,
1024 1994 1117 2028 Prudent.
1132 1990 1236 2022 Cathem.
1244 1994 1272 2024 II,
1277 1992 1325 2024 35.
1336 1992 1357 2020 ¶
1369 1999 1381 2013 2
1404 1985 1497 2021 Algidus
1511 1987 1577 2018 mons,
1591 1995 1600 2009 v.
1612 1986 1724 2017 Algidum.

894 2028 917 2061 ¶
917 2027 1057 2061 Algĭfĭcus,
1064 2034 1086 2053 a,
1096 2033 1138 2052 um,
1152 2024 1255 2056 algorem
1265 2021 1353 2055 faciens,
1373 2015 1482 2054 kaͤltend.
1496 2020 1586 2044 Gellius
1594 2023 1630 2049 19,
1639 2019 1654 2054 4
1660 2016 1726 2049 Quod

864 2059 930 2083 timor
935 2058 968 2087 ſit
975 2057 1068 2080 omnibus
1074 2055 1175 2086 algificus.

894 2092 910 2113 ¶
925 2086 1006 2116 Algor,
1014 2085 1064 2109 ŏris,
1086 2082 1101 2105 m.
1113 2084 1141 2107 die
1148 2079 1209 2107 kaͤlte.
1226 2081 1311 2105 Salluſt.
1325 2078 1385 2102 Catil.
1407 2085 1426 2100 c.
1434 2081 1451 2108 5
1451 2081 1525 2107 corpus
1535 2073 1624 2105 patiens
1636 2073 1723 2101 inediæ,

864 2120 955 2151 algoris,
960 2117 1048 2149 vigiliæ.
1077 2117 1166 2142 Plinius
1174 2124 1206 2146 14,
1213 2123 1226 2137 2
1231 2115 1300 2145 magis
1307 2113 1362 2144 æſtu,
1369 2120 1429 2143 quam
1436 2112 1511 2143 algore
1517 2111 1683 2142 [Nomentanæ
1690 2109 1726 2133 vi-

867 2149 913 2181 tes]
920 2154 1031 2173 vexantur.
1067 2149 1126 2173 Plur.
1134 2147 1198 2170 Idem
1204 2151 1231 2173 15,
1238 2152 1255 2173 4
1262 2152 1289 2175 pr.
1301 2145 1344 2168 oleo
1351 2148 1425 2173 corpus
1431 2147 1507 2165 contra
1512 2141 1597 2171 algores
1603 2140 1693 2163 munire.

897 2188 914 2211 ¶
928 2180 1007 2214 Algus,
1013 2177 1033 2209 i,
1042 2179 1106 2211 idem,
1115 2179 1176 2207 apud
1181 2179 1272 2201 Lucret.
1279 2184 1309 2206 3v.
1323 2182 1357 2204 733
1368 2175 1459 2204 algoque
1459 2172 1574 2205 fameque;
1587 2172 1620 2195 ita
1631 2172 1725 2196 Nonius

868 2209 927 2242 legit
931 2213 992 2238 2,28.
1022 2210 1090 2232 Forte
1097 2208 1179 2230 rectius
1186 2205 1276 2236 alguque.
1289 2214 1304 2228 v.
1317 2206 1364 2229 Lex.
1377 2204 1468 2232 Lucret.
1476 2202 1552 2227 Parei.
1581 2201 1643 2226 Nam
1657 2201 1674 2224 &
1683 2201 1726 2224 Al-

863 2249 913 2272 gus,
921 2250 952 2268 us,
959 2243 1019 2273 apud
1024 2243 1090 2267 Plaut.
1104 2242 1155 2266 Rud.
1168 2248 1187 2268 2,
1195 2248 1214 2269 7,
1221 2248 1250 2267 24
1256 2240 1289 2263 Tu
1295 2239 1333 2262 vel
1332 2238 1395 2269 ſuda,
1402 2239 1441 2260 vel
1441 2236 1492 2268 peri
1504 2235 1562 2265 algu.
1592 2233 1662 2265 Quod
1672 2231 1724 2257 imi-

868 2282 929 2299 tatur
935 2274 1043 2299 Paulinus
1050 2273 1154 2296 Nolanus
1161 2273 1188 2295 ad
1195 2268 1331 2302 Cytherium
1344 2277 1358 2290 v.
1371 2274 1407 2298 303

959 2302 993 2322 Ne
996 2299 1085 2328 ſæviori
1085 2298 1187 2329 fluctibus
1199 2301 1261 2318 terræ
1267 2295 1314 2316 dati
1321 2294 1382 2324 Algu
1385 2292 1484 2324 perirent
1491 2292 1517 2316 &
1517 2291 1586 2321 fame.

898 2338 916 2361 ¶
929 2332 1037 2359 Alſioſus,
1043 2339 1065 2356 a,
1070 2336 1114 2357 um,
1121 2328 1185 2359 quod
1190 2328 1213 2351 &
1219 2333 1304 2351 naturæ
1310 2325 1434 2358 frigidioris
1442 2324 1481 2353 eſt,
1495 2324 1506 2347 &
1516 2323 1585 2348 facile
1590 2323 1681 2347 læditur
1686 2322 1726 2350 fri-

869 2371 933 2401 gore,
939 2365 1015 2394 froſtig.
1045 2363 1138 2390 Plinius
1138 2363 1169 2389 21,
1177 2370 1199 2386 10
1207 2362 1235 2384 de
1248 2361 1360 2386 abrotono
1373 2361 1395 2383 &
1403 2358 1512 2383 Adonio:
1527 2357 1603 2388 alſioſa
1614 2356 1726 2381 admodum

865 2403 926 2431 ſunt,
932 2397 958 2426 ſie
966 2397 1064 2426 erfrieren
1071 2394 1182 2426 leichtlich.
1211 2394 1249 2417 Sic
1254 2391 1351 2422 alſioſum
1352 2397 1417 2423 pecus
1429 2391 1500 2415 Varro
1514 2389 1571 2414 dixit
1577 2389 1633 2413 R.R.
1639 2395 1682 2418 2,3.

901 2427 926 2455 ¶
926 2425 1013 2454 Alſius,
1020 2432 1041 2452 a,
1048 2432 1090 2449 um,
1096 2423 1167 2449 idem,
1173 2427 1310 2453 quamquam
1316 2419 1392 2443 minus
1398 2417 1514 2452 frequens.
1528 2416 1665 2446 Lucretius
1651 2421 1728 2445 5,1014

1008 2456 1069 2485 Ignis
1076 2463 1131 2479 enim
1138 2455 1223 2478 curavit
1229 2461 1252 2477 ut
1259 2453 1312 2482 alſia
1320 2457 1408 2483 corpora
1412 2450 1489 2480 frigus

1009 2489 1061 2511 Non
1067 2486 1101 2508 ita
1102 2493 1152 2515 jam
1156 2483 1239 2515 poſſent
1244 2485 1291 2506 cœli
1292 2481 1332 2512 ſub
1339 2481 1432 2510 tegmine
1433 2482 1505 2510 ferre.

902 2520 918 2544 ¶
932 2513 1009 2542 Alſus,
1017 2519 1039 2548 a,
1041 2521 1083 2539 um,
1089 2512 1192 2544 frigidus,
1200 2509 1266 2539 kuͤhle.
1284 2509 1446 2539 Comparativo
1459 2504 1580 2538 aliquoties
1587 2504 1637 2529 uſus
1646 2507 1677 2529 eſt
1689 2505 1728 2530 Ci-

874 2556 927 2572 cero.
941 2556 954 2569 e.
967 2555 981 2578 g.
993 2551 1010 2575 4
1010 2547 1044 2574 ad
1050 2547 1116 2571 Attic.
1129 2551 1142 2573 8
1149 2546 1179 2569 de
1185 2546 1259 2568 Antio
1267 2542 1368 2574 oppido:
1382 2543 1441 2566 nihil
1444 2541 1549 2573 quietius,
1555 2541 1615 2563 nihil
1617 2541 1688 2569 alſius,
1694 2539 1729 2562 ni-

874 2583 908 2606 hil
916 2580 1023 2603 amœnius.
1052 2577 1117 2602 Idem
1128 2577 1156 2600 ad
1176 2577 1190 2606 Q.
1205 2575 1247 2598 frat.
1260 2583 1291 2606 3,1
1303 2583 1315 2596 c.
1330 2582 1340 2597 2
1346 2573 1478 2606 Apodyterio
1484 2573 1542 2596 nihil
1546 2573 1617 2603 alſius,
1623 2572 1681 2595 nihil
1684 2579 1730 2595 mu-

870 2611 954 2643 ſcoſius.

905 2635 1061 2663 ALGĬDVM,
1067 2633 1084 2660 i,
1091 2630 1205 2664 oppidum
1215 2630 1277 2654 Latii
1283 2629 1368 2654 veteris
1374 2628 1436 2653 inter
1442 2626 1569 2652 Tuſculum
1575 2626 1598 2650 &
1609 2626 1728 2650 Albanum

876 2673 986 2703 montem,
998 2669 1051 2694 aëris
1058 2669 1127 2699 algori
1135 2665 1268 2697 expoſitum.
1296 2666 1376 2689 Strabo
1389 2664 1421 2688 lib.
1433 2670 1450 2692 5.

907 2703 923 2726 ¶
938 2699 1042 2728 Algidus,
1048 2704 1063 2721 1,
1070 2703 1138 2718 mons
1145 2695 1226 2717 eadem
1232 2699 1327 2723 regione
1334 2700 1355 2714 12
1361 2690 1462 2713 millibus
1468 2688 1568 2719 paſſuum
1574 2688 1630 2712 urbe
1638 2687 1728 2715 diſtans,

876 2731 996 2758 ſecundum
1010 2730 1138 2760 Eutropium
1153 2736 1168 2755 I,
1175 2735 1195 2758 15.
1223 2724 1323 2757 Horatius
1334 2727 1347 2755 I
1347 2722 1378 2755 od.
1391 2726 1422 2751 21,
1422 2722 1443 2757 6
1450 2724 1558 2754 gelidum;
1574 2724 1610 2753 &3
1624 2722 1655 2746 od.
1675 2728 1728 2750 23,9

877 2763 972 2787 nivalem
980 2768 1057 2786 vocat:
1073 2760 1187 2784 rationem
1193 2765 1296 2781 nominis
1302 2756 1363 2788 quaſi
1368 2754 1491 2787 explicans,
1497 2753 1549 2784 quia
1556 2753 1582 2776 ab
1594 2752 1683 2784 algendo
1695 2752 1729 2778 di-

880 2800 928 2824 ctus
936 2798 973 2821 eſt.

909 2826 924 2849 ¶
939 2818 1075 2848 Algidenſis,
1082 2826 1103 2844 e,
1110 2814 1186 2847 adject.
1194 2816 1253 2841 Plin.
1260 2823 1290 2844 19,
1298 2820 1308 2843 5
1314 2812 1431 2847 Algidenſe
1436 2812 1531 2844 raphani
1532 2817 1607 2841 genus.

908 2853 1026 2892 Algificus,
1034 2858 1101 2888 algor,
1107 2853 1212 2886 Algoſus,
1217 2854 1296 2883 Algus,
1308 2852 1356 2877 vide
1362 2852 1437 2881 Algeo,
1443 2850 1509 2880 Alga,
1516 2849 1594 2879 Algeo.

908 2889 979 2915 Alias,
986 2887 1047 2915 alibi,
1053 2886 1154 2912 Alibilis,
1161 2886 1214 2909 vide
1220 2886 1292 2911 Alius,
1303 2884 1355 2907 Alo.

910 2914 1017 2939 ĂLĬCA,
1024 2912 1122 2941 (Halica)
1130 2918 1156 2937 æ,
1162 2910 1177 2932 f.
1184 2909 1248 2932 Feſto
1263 2912 1337 2938 corpus
1342 2907 1400 2929 alere
1407 2904 1502 2933 dicitur;
1515 2904 1542 2927 fit
1553 2911 1580 2926 ex
1592 2909 1632 2926 zea,
1651 2901 1728 2926 tritico

884 2944 906 2968 &
913 2946 1005 2970 hordeo,
1012 2943 1085 2971 gruͤtze,
1094 2944 1193 2969 graupen,
1201 2941 1267 2966 Item,
1274 2937 1462 2966 weitzen⸗graupen,
1470 2935 1656 2963 gerſten⸗graupen,
1666 2936 1729 2956 cibus

885 2979 997 3005 ſtomacho
1004 2977 1139 3004 utiliſſimus,
1145 2974 1255 3006 Ptiſanam
1263 2979 1332 2996 etiam
1338 2978 1428 2996 vocant.
1435 2981 1456 2995 v.
1464 2972 1521 2995 Celſ.
1527 2980 1545 3001 3,
1555 2972 1570 2992 6
1575 2971 1596 2993 &
1603 2979 1621 3000 7.
1628 2970 1687 2993 Plin.
1694 2975 1729 2995 20,

888 3016 912 3036 25
920 3009 944 3033 &
944 3009 995 3033 Plin.
1010 3011 1035 3032 II.
1042 3008 1103 3038 epiſt.
1111 3012 1153 3034 1,15
1167 3006 1216 3030 Alii
1222 3004 1258 3028 ſic.
1273 3005 1339 3028 Alica
1351 3002 1430 3026 nativa
1442 3000 1514 3025 tritici
1525 3007 1597 3031 genus
1609 2999 1655 3027 eſt,
1665 2998 1729 3029 quod

889 3033 971 3063 χόνδρον,
979 3038 1050 3061 Græci
1058 3037 1150 3063 dicunt,
1156 3034 1222 3058 Alica
1222 3034 1316 3064 factitia
1322 3032 1409 3064 ptiſana
1415 3032 1447 3055 eſt
1458 3030 1549 3056 triticea,
1559 3026 1729 3061 weitzengraupen.

890 3071 954 3092 Alica
962 3070 1048 3095 elixata,
1054 3066 1122 3097 Apic,
1128 3074 1163 3093 2,1.
1176 3065 1236 3090 conf.
1243 3072 1279 3094 5,5
1286 3072 1323 3088 tot.
1338 3065 1353 3087 &
1361 3064 1444 3087 Pallad.
1450 3063 1492 3086 Iul.
1498 3069 1514 3085 t.
1520 3070 1540 3085 12.

924 3098 950 3124 ¶
950 3097 1047 3124 Alicula,
1055 3099 1090 3120 ſeu
1099 3095 1211 3123 Halicula,
1219 3102 1244 3121 æ,
1251 3093 1266 3117 f.
1274 3091 1374 3116 diminut.
1387 3091 1445 3121 apud
1451 3090 1547 3113 Martial.
1554 3087 1638 3119 legitur
1644 3095 1665 3110 12
1672 3085 1732 3121 epig.

892 3128 916 3152 83
923 3124 1023 3147 Mittebat
1030 3127 1103 3148 Vmber
1110 3126 1209 3146 aliculam
1216 3124 1267 3143 mihi
1269 3122 1360 3150 pauper,
1375 3120 1388 3143 &
1396 3126 1410 3141 c.
1424 3119 1461 3140 Eſt
1467 3118 1555 3140 Iambus
1568 3118 1662 3138 Scazon.
1671 3122 1731 3138 conf.

894 3158 912 3180 &
920 3154 1011 3180 Alicula
1015 3152 1037 3186 in
1044 3159 1085 3180 Ala.

925 3193 939 3214 ¶
955 3187 1073 3213 Alicãrius,
1078 3190 1093 3219 i,
1106 3190 1117 3219 m.
1132 3191 1165 3210 ein
1173 3181 1299 3214 gruͤtzmann.
1315 3181 1386 3206 Lucil.
1393 3181 1437 3205 Sat.
1443 3186 1463 3209 15
1469 3180 1528 3212 apud
1541 3179 1604 3204 Cariſ.
1614 3179 1668 3203 lib.1
1679 3183 1732 3208 p.75

895 3210 962 3232 Nemo
969 3211 996 3236 eſt
1003 3219 1098 3236 alicarius
1111 3217 1213 3238 poſterior
1223 3220 1249 3227 te.

926 3250 941 3272 ¶
957 3245 1059 3269 Alicaria,
1069 3251 1090 3268 æ,
1093 3244 1114 3271 f.
1121 3249 1164 3266 eine
1175 3246 1268 3270 gemeine
1278 3240 1334 3271 hure.
1351 3239 1439 3263 Feſtus:
1452 3236 1555 3262 Alicariæ
1566 3236 1687 3260 meretrices
1698 3243 1736 3259 ap-

894 3270 1022 3301 pellabantur
1033 3278 1055 3291 in
1065 3273 1184 3298 Campania,
1194 3278 1256 3302 ſolitæ
1262 3283 1313 3302 ante
1316 3274 1410 3299 piſtrina
1416 3272 1555 3304 alicariorum
1559 3270 1644 3292 verſari
1649 3265 1734 3292 quæſtus

895 3309 972 3333 gratia
985 3304 1018 3325 &c.
1032 3305 1089 3327 conf.
1098 3305 1160 3327 Plaut.
1171 3302 1227 3326 Pœn.
1241 3310 1274 3327 1,2,
1291 3310 1324 3327 54.

929 3338 942 3360 ¶
958 3331 1096 3357 Alicaſtrum,
1105 3338 1111 3351 i.
1126 3338 1141 3351 n.
1155 3328 1237 3356 ſpecies
1245 3327 1276 3360 eſt
1282 3327 1342 3353 farris
1350 3328 1427 3351 adorei
1434 3327 1568 3350 Columellæ
1574 3327 1610 3351 2,6
1616 3327 1687 3347 Semen
1694 3327 1736 3345 tri-

901 3362 980 3392 meſtre,
988 3362 1043 3391 quod
1047 3361 1117 3385 dicitur
1129 3362 1267 3389 halicaſtrum,
1278 3368 1314 3384 &c.

929 3393 1028 3416 Alicubi,
1035 3389 1145 3416 alicunde,
1152 3389 1275 3416 Alienatio,
1281 3391 1355 3424 alieno
1365 3397 1406 3424 &c.
1420 3389 1474 3420 vide
1481 3391 1546 3417 Alius
1557 3389 1653 3417 Alienus.

930 3420 1076 3450 ĂLIĒNVS,
1084 3431 1103 3449 a,
1111 3428 1152 3446 um,
1158 3421 1272 3455 ἀλλότϱιος,
1281 3424 1361 3449 fremde,
1377 3429 1409 3447 das
1421 3428 1473 3452 eines
1483 3427 1562 3447 adern
1567 3424 1597 3445 iſt.
1618 3424 1673 3442 Ter.
1679 3418 1737 3440 Eun.

1730 473 1750 493 2,
1758 472 1822 497 2,34.
1827 465 1896 491 Viden'
1902 465 1982 491 otium,
1994 462 2010 488 &
2021 461 2079 485 cibus
2084 460 2140 493 quid
2142 460 2217 491 faciat
2224 459 2330 484 alienus?
2341 459 2407 485 Idem
2417 458 2491 483 Andr.
2497 464 2513 485 1,
2526 464 2541 481 1,
2554 462 2590 485 125

1731 501 1812 525 Alieno
1818 508 1876 525 more
1880 499 1966 527 vivere,
1974 499 2032 524 leben
2040 496 2079 523 wie
2091 496 2162 522 andere
2178 492 2251 527 wollen.
2263 495 2307 519 Cic.
2315 494 2364 527 off.I,
2377 502 2383 524 9
2389 495 2493 522 Difficilis
2500 494 2529 524 eſt
2536 498 2588 514 cura

1732 540 1804 557 rerum
1815 530 1943 556 alienarum.
1965 525 2020 559 Plin.
2031 527 2076 560 29,1
2091 530 2172 548 Alienis
2185 529 2269 552 pedibus
2281 534 2424 554 ambulamus,
2435 527 2512 552 alienis
2525 528 2590 552 oculis

1733 559 1870 592 agnoſcimus,
1877 560 1901 583 id
1909 560 1948 587 eſt,
1956 566 1997 590 per
2003 556 2131 581 lecticarios
2145 556 2155 580 &
2164 554 2310 586 anagnoſten.
2324 552 2371 578 Cic.
2377 552 2429 576 fam.
2436 561 2453 583 3,
2460 560 2481 575 10
2493 555 2588 574 alienum

1735 601 1823 627 tempus,
1835 594 1954 624 ungelegene
1963 588 2032 624 zeit.
2040 591 2186 617 Conſtructio
2192 590 2260 621 hujus
2271 587 2373 613 nominis
2383 594 2433 611 non
2445 595 2496 610 una.
2526 586 2588 610 Nam

1735 626 1750 649 &
1765 633 1817 648 cum
1824 623 1936 649 Genitivo
1945 621 2052 654 jungitur
2064 620 2145 644 Græco
2157 627 2241 643 more:
2253 618 2346 642 Lucret.
2354 624 2393 641 6v.
2399 621 2446 648 1063
2457 620 2503 640 Nec
2515 619 2589 638 tamen

1734 658 1775 681 hæc
1782 657 1815 681 ita
1817 656 1870 687 ſunt
1875 655 1969 680 aliarum
1976 662 2046 678 rerum
2052 654 2130 678 aliena.
2152 651 2251 676 Rutilius
2258 650 2336 682 Lupus
2343 648 2381 674 lib.
2387 657 2400 672 2
2405 649 2434 673 de
2440 648 2527 680 Figuris
2533 649 2592 671 Sen-

1737 693 1796 711 tent.
1810 687 1855 710 Sed
1856 685 1959 710 nimirum
1970 683 2086 715 inopinans
2094 683 2164 707 incidi
2169 682 2194 706 in
2206 679 2296 711 cauſſam
2307 680 2408 711 temporis
2417 680 2480 708 hujus
2489 680 2593 701 alienam.

1737 719 1775 744 Sic
1782 719 1874 742 alienum
1881 719 1984 741 veritatis
1989 715 2046 739 dixit
2053 713 2181 747 Cyprianus
2193 708 2302 738 Tractatu
2315 717 2396 736 contra
2407 709 2591 735 Demetrianum.

1737 752 1796 777 Non
1801 758 1850 774 raro
1856 750 1879 773 &
1884 749 1983 776 Dativus
1987 754 2125 776 apponitur:
2139 746 2188 769 Cic.
2195 752 2237 776 pro
2245 744 2330 768 Cæcin.
2337 751 2356 767 c.
2362 752 2382 775 9
2383 743 2430 766 Hoc
2434 742 2467 766 illi
2472 741 2541 773 cauſſæ
2546 749 2593 763 ma-

1738 783 1796 806 xime
1801 782 1894 806 alienum
1900 782 1944 814 eſt:
1959 781 2024 811 dieſes
2031 778 2112 806 koͤmmt
2117 783 2155 806 gar
2162 783 2203 803 von
2211 778 2246 802 der
2252 776 2309 808 ſache
2315 777 2349 804 ab,
2363 773 2438 801 reimet
2449 773 2485 803 ſich
2497 777 2529 801 zur
2536 771 2593 804 ſache

1737 808 1802 842 nicht.
1831 810 1919 835 Seneca
1924 808 2012 833 Præfat.
2020 817 2037 837 4
2041 807 2095 832 Nat.
2101 805 2185 836 Quæſt.
2191 805 2237 829 Scio
2243 811 2307 836 quam
2306 805 2339 834 ſis
2345 802 2460 827 ambitioni
2465 804 2551 829 alienus,
2553 804 2594 831 fa-

1736 843 1833 868 miliaris
1838 844 1881 867 otio
1885 852 1912 866 ac
1917 841 1995 867 literis.
2009 842 2063 866 Tac.
2070 849 2083 864 2
2089 839 2147 864 Hiſt.
2154 845 2209 870 74,2
2219 836 2319 862 Muciani
2329 837 2414 861 animus
2424 843 2462 858 nec
2475 833 2596 866 Veſpaſiano

1737 871 1829 901 alienus,
1843 869 1857 903 &
1872 875 1896 898 in
1909 873 1981 898 Titum
1991 870 2095 903 pronior,
2107 870 2143 897 der
2156 871 2203 895 dem
2216 868 2343 899 Veſpaſiano
2352 867 2410 897 nicht
2416 868 2538 895 ungeneigt,
2547 864 2596 892 dem

1741 908 1794 934 Tito
1801 905 1851 933 aber
1856 906 1915 935 mehr
1920 904 2045 934 beygethan.
2072 903 2120 926 Sed
2125 899 2306 933 frequentiſſime
2313 907 2367 924 cum
2371 898 2473 923 ablativo
2480 897 2502 921 &
2508 902 2599 927 præpo-

1742 938 1825 963 ſitione
1834 935 1984 965 conſtruitur;
1991 941 2023 962 ut,
2032 934 2077 958 homo
2088 934 2170 957 alienus
2175 941 2190 955 a
2195 931 2278 964 literis,
2278 931 2341 963 Cic.4
2347 929 2434 956 inVerr.
2442 938 2454 952 c.
2462 931 2490 952 26
2496 929 2532 956 der
2539 928 2596 955 keine

1742 970 1782 999 Iuſt
1788 975 1833 999 zum
1841 967 1932 998 ſtudiren
1937 968 1982 997 hat.
2011 966 2058 997 Eſſe
2064 967 2091 990 ab
2096 965 2168 996 aliquo
2174 964 2246 988 alieno
2252 963 2339 991 animo,
2345 963 2377 987 Id.
2383 970 2425 993 pro
2433 958 2552 991 Dejotaro
2552 960 2570 991 c.
2576 963 2599 987 8.

1744 1000 1789 1030 Sic,
1796 1002 1833 1024 hoc
1838 1000 1931 1025 alienum
1938 998 1967 1030 eſt
1972 998 2000 1022 ab
2006 997 2082 1027 officio,
2087 996 2195 1027 dignitate
2199 1002 2254 1023 mea,
2260 994 2292 1018 Id.
2298 993 2351 1019 fam.
2357 1000 2405 1022 4,7.
2422 991 2433 1016 &
2448 991 2542 1016 alienior
2548 990 2578 1024 eſt
2591 999 2599 1015 a

1745 1036 1784 1057 me,
1790 1037 1803 1051 2
1810 1029 1875 1060 epiſt.
1880 1037 1909 1057 17,
1916 1027 1956 1051 ubi
1962 1026 2028 1052 ſimul
2035 1024 2223 1058 Comparativum
2229 1028 2304 1051 notes;
2320 1020 2516 1053 quemadmodum
2523 1020 2599 1044 excel-

1745 1061 1842 1087 lentiam
1849 1061 1929 1094 gradus
1934 1061 1959 1084 in
1966 1059 2126 1085 Themiſtocle
2132 1057 2234 1088 Nepotis
2240 1065 2258 1080 c.
2265 1065 2282 1086 4
2287 1054 2412 1086 alieniſſimo
2417 1055 2463 1085 ſibi
2473 1055 2519 1078 loco
2525 1052 2601 1085 confli-

1746 1094 1788 1121 xit,
1794 1100 1846 1116 cum
1852 1092 1922 1117 tertio
1936 1091 1997 1115 caſu:
2012 1091 2034 1115 &
2041 1097 2094 1114 cum
2100 1086 2274 1119 præpoſitione,
2282 1088 2329 1111 Cic.
2336 1093 2378 1117 pro
2384 1085 2462 1109 Domo
2471 1092 2489 1107 c.
2496 1092 2521 1115 27
2532 1083 2601 1107 homi-

1746 1134 1783 1150 nes
1788 1124 1910 1155 alieniſſimi
1922 1134 1930 1148 a
1944 1127 1961 1149 P.
1968 1125 2050 1148 Clodio.
2077 1124 2115 1147 Eſt
2120 1122 2149 1148 &,
2156 1121 2198 1145 ubi
2202 1120 2332 1145 ſubauditur
2343 1116 2486 1150 præpoſitio,
2498 1123 2539 1144 ut,
2546 1114 2603 1139 alie-

1746 1155 1808 1179 niora
1814 1152 1857 1184 uſu,
1864 1154 1925 1183 apud
1930 1151 2034 1176 Gellium
2040 1157 2071 1180 19,
2078 1159 2096 1180 7.
2110 1150 2214 1174 Alienum
2225 1147 2380 1180 exiſtimatione
2390 1154 2451 1174 mea,
2458 1146 2505 1169 Cic.
2518 1144 2602 1168 Attico

1747 1189 1789 1215 6,1.
1850 1192 1868 1215 ¶
1881 1195 1902 1209 2.
1916 1185 2052 1215 Opponitur
2058 1183 2129 1208 etiam
2134 1180 2225 1215 generis
2232 1178 2391 1213 conjunctioni
2405 1180 2427 1203 &
2440 1175 2601 1209 conſanguini-

1746 1215 1795 1240 tati.
1811 1213 1859 1239 Cic.
1865 1223 1908 1245 pro
1915 1214 1967 1238 Mil.
1976 1220 1993 1236 c.
2001 1217 2028 1239 28
2040 1212 2067 1234 In
2073 1210 2168 1238 alienos,
2180 1211 2204 1232 in
2204 1210 2256 1240 ſuos
2268 1210 2369 1234 irruebat.
2383 1208 2437 1231 Cæſ
2443 1209 2467 1231 B.
2481 1208 2509 1229 G.
2517 1214 2533 1232 I,
2540 1213 2560 1236 31
2575 1208 2603 1228 Se

1741 1247 1822 1280 ſuaque
1835 1247 1905 1271 omnia
1917 1245 2049 1277 alieniſſimis
2061 1245 2201 1270 crediderunt.
2223 1243 2278 1268 Plin.
2291 1242 2372 1273 Paneg.
2379 1248 2397 1262 c.
2403 1248 2424 1270 37
2435 1241 2487 1269 Niſi
2489 1240 2558 1269 ſimul
2568 1246 2602 1262 co-

1740 1272 1855 1307 gnationis
1855 1276 1913 1306 jura
1917 1272 2071 1306 impetraſſent,
2076 1270 2199 1304 alieniſſimi
2203 1272 2350 1298 habebantur,
2355 1272 2429 1301 quibus
2440 1267 2604 1298 conjunctiſſimi

1738 1311 1840 1342 fuerant,
1847 1310 1881 1336 die
1887 1309 1955 1336 einem
1962 1314 1999 1338 gar
2006 1307 2074 1336 nichts
2081 1307 2189 1333 verwandt
2200 1305 2255 1336 ſeyn.

1776 1347 1794 1371 ¶
1808 1340 1929 1369 Alienum,
1934 1339 1951 1367 i,
1958 1337 2104 1366 ſubſtantive,
2111 1344 2147 1361 res
2155 1334 2238 1370 aliena,
2249 1335 2313 1365 fremd
2326 1337 2373 1364 gut,
2385 1333 2467 1362 fremde
2473 1332 2536 1363 ſache.
2564 1332 2602 1356 Iu-

1743 1364 1797 1402 ſtin.
1806 1368 1838 1397 36,
1846 1375 1864 1397 3,
1879 1375 1885 1396 9
1899 1367 1971 1390 Facile
1983 1365 2074 1390 Romani
2084 1366 2111 1387 de
2123 1365 2193 1388 alieno
2206 1365 2362 1394 largiebantur.
2373 1364 2427 1384 Ter.
2442 1364 2519 1382 Heaut.
2537 1364 2602 1387 1,1,23

1748 1403 1868 1428 Tantumne
1873 1401 1900 1423 ab
1907 1409 1931 1424 re
1936 1407 1975 1424 tua
1987 1399 2018 1432 eſt
2029 1399 2069 1423 otii
2081 1398 2138 1422 tibi,
2134 1396 2214 1425 aliena
2221 1402 2246 1419 ut
2259 1403 2325 1423 cures,
2336 1395 2378 1419 &c.
2436 1398 2452 1421 ¶
2467 1401 2485 1415 2.
2498 1394 2601 1416 Alienum

1749 1441 1790 1464 pro
1799 1432 1894 1457 abſurdo,
1916 1432 2048 1460 ungereimt;
2064 1437 2083 1453 e.
2097 1436 2117 1458 g.
2129 1435 2172 1452 non
2177 1428 2271 1453 alienum
2282 1427 2377 1457 videtur,
2389 1427 2443 1450 Cæſ.
2451 1428 2475 1449 B.
2487 1426 2515 1449 G.
2522 1426 2544 1451 6,
2551 1425 2604 1449 10&

1749 1468 1809 1498 Nep.
1817 1475 1833 1494 I,
1839 1467 1880 1495 6,1.
1888 1466 1948 1489 conf.
1958 1466 2013 1489 Ter.
2020 1462 2121 1493 Adelph.
2128 1467 2147 1488 5,
2154 1464 2212 1489 8,22.
2271 1464 2297 1490 ¶
2297 1464 2319 1490 3.
2334 1460 2435 1483 Alienum
2442 1466 2483 1489 pro
2495 1455 2603 1483 inſalubri

1751 1499 1766 1523 &
1779 1497 1858 1525 noxio,
1866 1493 1976 1527 ſchaͤdlich,
1983 1494 2098 1526 ungeſund.
2128 1493 2186 1518 Celſ.
2198 1499 2241 1522 4c.
2250 1490 2292 1515 ult.
2304 1490 2407 1522 Equitare
2414 1488 2539 1520 podagricis
2549 1487 2605 1512 alie-

1750 1535 1800 1560 num
1808 1527 1842 1559 eſt.

1781 1560 1798 1584 ¶
1812 1552 1936 1582 Aliẽnĭtas,
1940 1551 1992 1578 ătis,
2000 1551 2015 1574 f.
2023 1549 2099 1574 aliena
2104 1556 2179 1573 rerum
2186 1547 2336 1576 conſtitutio,
2342 1545 2429 1575 unrath,
2435 1541 2606 1576 ungewoͤhnlich⸗

1750 1586 1804 1615 keit;
1818 1592 1852 1614 ut,
1856 1584 1986 1608 Alienitatis
1992 1583 2090 1613 obtruſio,
2096 1583 2148 1606 Cæl.
2165 1582 2234 1615 Aurel.
2253 1582 2299 1604 Tard.
2314 1585 2333 1607 5,
2339 1586 2362 1607 4.
2367 1581 2432 1600 Idem
2439 1581 2467 1599 de
2474 1582 2605 1601 excremen-

1749 1619 1779 1643 tis
1786 1619 1854 1642 Acut.
1860 1626 1893 1648 3,3
1901 1616 1995 1642 Manens
2002 1615 2104 1639 alienitas
2106 1618 2198 1645 gravat,
2203 1618 2267 1644 atque
2273 1613 2389 1636 acerrimas
2395 1611 2456 1640 facit
2468 1610 2562 1641 corporis
2568 1616 2606 1632 ex-

1749 1649 1871 1673 halationes
1877 1644 1918 1671 &c.
1932 1648 1965 1671 Id.
1971 1646 2041 1671 Acut.
2046 1651 2067 1672 2,
2072 1652 2098 1675 39
2102 1644 2145 1668 Ad
2149 1643 2229 1667 mentis
2238 1642 2374 1667 alienitatem
2384 1641 2551 1668 detrahendam,
2562 1641 2605 1665 den

1744 1682 1844 1711 aberwitz
1852 1688 1874 1710 zu
1881 1680 2004 1711 benehmen.

1782 1715 1799 1738 ¶
1812 1708 1910 1736 Aliẽno,
1914 1707 1962 1734 avi,
1968 1710 2037 1733 atum,
2042 1712 2089 1733 are,
2097 1700 2187 1738 alienum
2200 1699 2279 1736 facere,
2289 1698 2391 1731 ejicere,
2392 1698 2410 1734 &
2421 1707 2483 1725 extra
2494 1697 2605 1724 familiam

1754 1750 1849 1774 ponere,
1862 1742 1999 1771 entſremden,
2007 1741 2129 1772 abſondern,
2136 1738 2248 1770 verſtoſſen.
2275 1740 2329 1764 Ter.
2336 1738 2415 1762 Heaut.
2428 1744 2472 1766 5,2,
2481 1736 2504 1763 26
2518 1736 2555 1757 Ita
2567 1741 2607 1758 nos

1753 1774 1875 1801 alienavit,
1880 1774 1900 1804 ſo
1907 1778 1946 1802 gar
1951 1773 1990 1803 hat
1995 1778 2018 1798 er
2024 1770 2077 1802 mich
2085 1771 2185 1798 enterbet.
2213 1770 2274 1795 Nam
2286 1769 2336 1793 hæc
2347 1767 2376 1791 de
2384 1771 2447 1800 patre
2458 1766 2518 1789 filius
2531 1763 2609 1796 loqui-

1755 1811 1797 1829 tur.
1812 1804 1884 1828 Plaut.
1890 1799 2006 1832 Amphitr.
2014 1808 2030 1826 I,
2037 1807 2053 1826 I,
2059 1806 2098 1830 243
2104 1803 2160 1822 certe
2164 1798 2244 1829 edepol,
2251 1803 2275 1820 tu
2281 1805 2312 1820 me
2319 1797 2425 1822 alienabis
2430 1801 2550 1825 nunquam,
2556 1795 2609 1823 quin

1755 1832 1826 1866 noſter
1834 1831 1884 1865 ſiem.
1900 1836 1949 1860 Cic.
1955 1834 2008 1858 fam.
2015 1840 2034 1862 5,
2042 1837 2055 1859 8
2068 1835 2162 1858 quædam
2170 1830 2239 1862 peſtes
2255 1831 2355 1854 hominum
2367 1834 2390 1850 te
2400 1835 2547 1852 nonnunquam
2556 1835 2569 1849 a
2575 1834 2611 1850 me

1755 1862 1886 1887 alienarunt.
1900 1858 1964 1892 Idem
1969 1861 2010 1890 3,6
2014 1853 2133 1892 Malevoli,
2139 1858 2214 1889 ignari
2219 1855 2340 1885 conſtantiæ
2345 1862 2406 1880 meæ,
2415 1862 2547 1885 conabantur
2559 1863 2613 1882 alie-

1756 1895 1805 1925 nare
1816 1905 1828 1920 a
1836 1901 1855 1920 te
1860 1896 1993 1919 voluntatem
2005 1901 2079 1918 meam.
2138 1897 2155 1921 ¶
2170 1900 2189 1914 2.
2204 1891 2268 1915 Hinc
2280 1891 2309 1916 de
2320 1889 2464 1918 rebellione,
2478 1887 2610 1912 defectione

1754 1926 1863 1956 alienari,
1874 1923 1986 1954 unguͤnſtig
2000 1925 2044 1949 und
2051 1921 2167 1952 abtruͤnnig
2178 1923 2267 1948 werden.
2296 1920 2442 1949 Nepos7,5,1
2453 1920 2539 1942 Timore
2548 1919 2575 1940 ab
2587 1924 2610 1939 eo

1755 1956 1849 1984 alienati
1849 1957 1908 1988 ſunt,
1915 1956 1941 1984 ſie
1947 1955 1991 1984 ſind
1999 1955 2044 1985 ihm
2050 1955 2107 1984 feind
2122 1954 2213 1980 worden.
2231 1953 2286 1976 Cæſ.
2297 1954 2321 1976 B.
2330 1953 2357 1975 G.
2365 1959 2384 1981 7,
2394 1959 2410 1972 10
2425 1950 2515 1973 omnium
2522 1949 2610 1980 ſuorum

1755 1989 1879 2013 voluntates
1884 1988 1989 2013 alienare,
1997 1987 2036 2011 alle
2042 1983 2153 2014 abwendig
2158 1982 2248 2012 machen.
2304 1989 2329 2014 ¶
2339 1990 2356 2011 3.
2372 1982 2409 2004 De
2415 1980 2625 2007 venditione,ver⸗

1756 2017 1846 2049 aͤuſſern,
1851 2017 1974 2045 verkauffen.
2006 2015 2055 2038 Cic.
2060 2015 2110 2045 4in
2118 2015 2177 2037 Verr.
2188 2021 2202 2035 c.
2213 2014 2242 2037 60
2242 2011 2317 2042 pretio
2319 2015 2393 2042 parvo
2398 2017 2431 2034 ea,
2439 2016 2482 2038 quæ
2486 2012 2610 2039 accepiſſent

1755 2057 1771 2072 a
1777 2047 1907 2077 majoribus,
1913 2046 2031 2077 vendidiſſe
2036 2050 2100 2075 atque
2105 2043 2205 2074 alienaſſe.
2237 2044 2290 2067 ldem
2296 2042 2367 2073 Agrar.
2379 2048 2391 2062 2
2399 2048 2417 2063 c.
2424 2048 2484 2070 21pr.
2491 2045 2565 2063 venire
2571 2046 2609 2062 ve-

1758 2079 1812 2103 ſtras
1818 2086 1852 2102 res
1855 2077 1963 2109 proprias,
1978 2076 1990 2100 &
2002 2076 2028 2099 in
2029 2078 2155 2107 perpetuum
2161 2083 2176 2097 a
2181 2075 2244 2099 vobis
2248 2073 2349 2098 alienari.
2357 2072 2415 2096 Varr.
2425 2072 2444 2098 R.
2456 2072 2504 2097 R.2,
2508 2079 2517 2093 1
2523 2072 2609 2099 Rejicu-

1758 2110 1782 2133 læ
1791 2110 1835 2139 ſunt
1841 2108 1967 2138 alienandæ.
2025 2111 2041 2135 ¶
2056 2113 2079 2136 4.
2093 2106 2132 2129 De
2138 2105 2210 2130 ſubita
2216 2104 2344 2129 mutatione
2352 2102 2374 2127 &
2386 2103 2539 2132 corruptione.
2552 2103 2606 2124 Sen.

1759 2141 1804 2170 Qu.
1810 2139 1862 2164 Nat.
1869 2147 1890 2167 2,
1896 2146 1918 2170 53
1926 2139 1985 2162 Odor
1986 2132 2098 2170 ſulphuris
2098 2135 2177 2167 ſæpius
2181 2135 2266 2168 hauſtus
2270 2135 2360 2161 alienat,
2367 2137 2389 2159 es
2397 2133 2466 2161 bringt
2478 2136 2522 2157 eine
2529 2134 2607 2154 altera-

1759 2179 1810 2197 tion
1818 2175 1859 2200 mit
1866 2172 1911 2201 ſich.
1942 2171 2027 2199 Celſ.7,
2033 2171 2058 2194 16
2064 2169 2093 2193 de
2099 2168 2216 2194 inteſtinis
2223 2166 2357 2193 vulneratis:
2374 2167 2426 2188 Cum
2431 2171 2510 2195 magna
2514 2164 2608 2194 feſtina-

1757 2203 1815 2226 tione
1815 2199 1979 2233 ſuccurrendum
1985 2199 2025 2231 eſt;
2038 2203 2141 2224 momento
2148 2197 2203 2220 enim
2210 2193 2341 2223 alienantur,
2356 2193 2382 2223 ſie
2395 2192 2510 2223 veraͤndern
2522 2194 2569 2222 ſich,
2584 2196 2609 2218 es

1757 2235 1810 2262 wird
1818 2239 1855 2261 arg
1869 2233 1945 2260 damit.

1787 2264 1803 2288 ¶
1818 2259 1948 2286 Alienatus,
1954 2265 1976 2283 a,
1981 2263 2022 2283 um,
2028 2252 2137 2284 rejectus,
2144 2253 2277 2285 verworffen.
2303 2252 2390 2277 Salluſt.
2399 2251 2446 2275 Cat.
2454 2258 2472 2273 c.
2479 2253 2506 2281 35
2506 2252 2545 2280 Me
2545 2250 2610 2280 falſa

1753 2291 1872 2323 ſuſpicione
1892 2294 1998 2315 alienatum
2004 2287 2054 2318 eſſe
2063 2290 2183 2314 ſentiebam.
2237 2299 2255 2322 ¶
2268 2302 2288 2317 2.
2309 2292 2428 2320 Infenſus,
2440 2292 2562 2318 ungeneigt,
2573 2290 2611 2316 ab⸗

1759 2325 1850 2354 wendig,
1858 2323 1980 2355 abſpaͤnſtig.
1997 2322 2082 2348 Salluſt.
2089 2324 2135 2353 Iug.
2144 2330 2161 2345 c.
2170 2324 2197 2348 66
2206 2323 2316 2349 Voluntate
2330 2321 2425 2345 alienati
2432 2330 2514 2354 principes
2551 2322 2610 2348 inter

1753 2353 1778 2386 ſe
1785 2359 1905 2382 conjurant.
1936 2352 1974 2376 Sic
1980 2352 2078 2376 alienatæ
2083 2350 2162 2381 inſulæ,
2169 2355 2219 2379 quæ
2227 2346 2366 2375 defecerant,
2371 2345 2452 2376 Nepos
2459 2353 2499 2373 5,2,
2505 2355 2527 2373 4.
2533 2349 2612 2374 oppidæ

1757 2385 1862 2415 alienata,
1873 2381 1899 2416 Id.
1911 2385 1995 2414 22,2,4
2048 2384 2074 2416 ¶
2082 2391 2099 2413 3.
2117 2380 2267 2414 Perturbatus,
2278 2380 2400 2413 verwirrt.
2408 2381 2471 2403 Suet.
2481 2382 2541 2408 Aug.
2549 2386 2566 2399 c.
2580 2384 2612 2400 100

1760 2417 1847 2446 Signum
1854 2414 1953 2439 alienatæ
1958 2415 2041 2438 mentis.
2069 2413 2099 2437 Et
2105 2411 2163 2436 Plin.
2170 2415 2205 2438 28,
2212 2414 2225 2438 8
2232 2411 2333 2434 Homines
2339 2415 2409 2432 mente
2421 2411 2527 2435 alienati,
2538 2411 2611 2436 wahn⸗

1759 2449 1846 2479 witzige.
1875 2449 1914 2472 Sic
1920 2454 1994 2479 corpus
1999 2446 2122 2473 alienatum,
2129 2445 2145 2468 i.
2152 2452 2172 2468 e.
2179 2449 2319 2474 corruptum,
2331 2442 2384 2466 Sen.
2391 2441 2456 2472 epiſt.
2462 2445 2498 2471 89.

1791 2487 1808 2510 ¶
1823 2480 1959 2507 Alienatio,
1971 2479 2022 2508 ŏnis,
2035 2475 2163 2507 disjunctio,
2176 2476 2209 2502 die
2220 2477 2333 2505 trennung,
2345 2474 2494 2505 abſonderung.
2525 2472 2570 2495 Cic.
2578 2471 2608 2496 de

1760 2507 1830 2532 Amic.
1843 2514 1863 2531 c.
1868 2515 1890 2529 21
1897 2507 1976 2530 Statim
1983 2505 2084 2530 alienatio
2091 2503 2243 2533 disjunctioque
2243 2503 2348 2531 facienda
2359 2503 2395 2530 eſt,
2401 2503 2416 2522 i.
2423 2507 2441 2521 e.
2453 2502 2551 2522 amicitia
2563 2502 2609 2522 dis-

1760 2542 1877 2568 ſolvenda.
1908 2540 2020 2566 Exercitus
2029 2538 2135 2565 alienatio,
2152 2538 2215 2562 Cæſ.B.
2225 2539 2270 2564 C.2,
2277 2544 2302 2567 31.
2315 2537 2346 2559 Et
2360 2534 2510 2566 metaphorice
2522 2533 2607 2566 Aliena-

1761 2572 1792 2597 tio
1804 2571 1889 2598 mentis,
1905 2569 2008 2600 wahnwitz,
2024 2567 2082 2593 Plin.
2095 2575 2156 2596 21,21.
2174 2568 2188 2592 &
2197 2567 2254 2592 Celſ.
2260 2572 2309 2595 4,2.
2330 2566 2411 2590 Doctor
2423 2565 2446 2587 in
2458 2564 2607 2588 alienationem

1755 2601 1907 2634 ſtuporemque
1912 2600 2053 2627 convertitur,
2060 2598 2106 2625 eine
2112 2597 2227 2627 erſtarrung
2234 2598 2270 2623 der
2276 2596 2332 2625 ſinne
2337 2594 2390 2622 wird
2397 2595 2537 2623 daraus,Sen.
2544 2593 2606 2623 epiſt.

1761 2637 1795 2663 78
1853 2634 1874 2661 ¶
1885 2641 1904 2655 2.
1919 2631 2065 2656 Alienationis
2071 2630 2167 2654 nomine
2175 2625 2378 2658 comprehenditur
2389 2626 2465 2649 omnis
2475 2625 2547 2652 actus,
2557 2629 2603 2656 quo

1762 2656 1882 2693 dominium
1898 2658 2035 2691 transfertur,
2044 2657 2078 2684 die
2083 2656 2234 2687 veraͤuſſerung,
2246 2657 2384 2685 verwendung
2396 2659 2424 2679 an
2435 2656 2514 2680 andere.
2540 2655 2602 2676 Hinc

1761 2697 1848 2721 Seneca
1861 2696 1889 2719 de
1900 2694 1979 2719 Benef.
1986 2701 2005 2722 5,
2011 2703 2033 2717 10
2046 2693 2143 2717 Venditio
2154 2690 2256 2715 alienatio
2269 2689 2306 2722 eſt,
2317 2689 2342 2713 &
2353 2696 2386 2713 rei
2392 2688 2434 2719 ſuæ
2444 2686 2535 2717 jurisque
2539 2686 2576 2716 ſui
2579 2685 2604 2708 in

1761 2726 1828 2749 alium
1839 2724 1963 2749 translatio.
1976 2723 2036 2749 conf.
2043 2724 2058 2746 l.
2065 2722 2103 2747 1ff.
2111 2723 2139 2746 de
2151 2720 2225 2745 fundo
2238 2721 2286 2744 dot.
2300 2719 2342 2744 &l.
2348 2718 2365 2742 ſi
2372 2718 2421 2750 quis
2432 2717 2445 2748 §
2452 2722 2534 2740 certum
2541 2717 2564 2739 C.
2572 2715 2602 2739 de

1760 2756 1804 2781 ſec.
1815 2761 1880 2784 nupt.

1793 2789 1809 2813 ¶
1824 2779 1965 2814 Ălĭẽnĭgĕna,
1972 2789 1997 2808 æ,
2005 2778 2132 2803 communis
2138 2778 2176 2802 vel
2182 2777 2259 2808 potius
2271 2775 2346 2800 omnis
2352 2773 2446 2807 generis,
2452 2774 2475 2797 id
2481 2773 2523 2802 eſt,
2531 2779 2602 2796 exter-

1762 2825 1813 2845 nus,
1819 2817 1896 2847 fremd,
1904 2816 2047 2846 auslaͤndiſch;
2062 2815 2074 2840 &
2083 2815 2147 2840 ſubſt.
2154 2820 2189 2840 ein
2198 2812 2320 2842 auslaͤnder,
2330 2810 2445 2841 fremdling.
2474 2808 2605 2839 Alienigenæ

1761 2850 1836 2880 hoſtes,
1844 2850 1891 2874 Cic.
1897 2858 1913 2880 4
1920 2848 1986 2872 Catil.
1993 2855 2005 2871 c.
2019 2856 2047 2870 10.
2054 2846 2076 2870 &
2082 2846 2132 2870 Liv.
2138 2845 2174 2872 26,
2180 2852 2210 2875 13
2210 2852 2249 2874 cum
2255 2842 2318 2874 hoſtis
2323 2843 2438 2872 alienigena
2442 2841 2465 2864 in
2470 2840 2538 2864 Italia
2549 2839 2605 2870 eſſet.

1763 2878 1843 2903 Rurſus
1850 2878 1897 2902 Cic.
1905 2885 1945 2906 pro
1952 2873 2029 2906 Dejot.
2037 2883 2054 2898 c.
2061 2883 2072 2905 3
2078 2875 2137 2897 homo
2145 2872 2271 2903 longinquus
2278 2872 2303 2897 &
2314 2867 2450 2902 alienigena,
2449 2869 2528 2898 Nepos
2534 2872 2564 2894 18.
2570 2875 2604 2896 7,1

1762 2914 1866 2937 Eumenes
1878 2913 1991 2929 alienigena
2008 2909 2111 2928 invidiam
2122 2904 2214 2936 effugere
2223 2909 2266 2925 non
2273 2903 2352 2934 potuit.
2373 2900 2438 2930 Gell.
2436 2901 2457 2934 2,
2465 2901 2492 2934 24
2503 2897 2554 2932 Vino
2563 2901 2603 2930 non

1762 2933 1884 2965 alienigena
1883 2932 1929 2963 ſed
1926 2932 2001 2965 patrio
2009 2932 2047 2956 uti.

1792 2971 1808 2995 ¶
1823 2965 1990 2993 Alienigenus,
1996 2967 2023 2997 a,
2034 2967 2073 2997 um,
2085 2962 2161 2990 idem;
2176 2967 2215 2988 ut,
2226 2961 2303 2986 Studia
2313 2956 2448 2991 alienigena,
2456 2953 2504 2991 Val.
2516 2952 2561 2991 Max.
2570 2963 2605 2982 2,1

1762 3005 1836 3030 prope
1843 2998 1882 3023 fin.
1897 2994 1927 3022 Et
1932 2998 2017 3023 Mulier
2021 2995 2137 3024 alienigeni
2135 2993 2256 3025 ſanguinis,
2267 2992 2331 3015 Idem
2336 2993 2358 3018 6,
2364 3000 2377 3014 2
2383 2996 2425 3013 ext.
2432 2997 2446 3012 I.

1795 3032 1811 3055 ¶
1825 3027 1973 3057 Alienigeno,
1979 3033 2022 3050 are,
2010 3022 2123 3053 fremden
2133 3021 2248 3050 zuwenden.
2277 3021 2370 3052 Legitur
2381 3020 2406 3044 in
2418 3018 2491 3042 veteri
2502 3017 2605 3048 Inſcript.

1765 3061 1826 3091 apud
1830 3060 1963 3084 Fabrettum
1968 3066 1990 3088 p.
1996 3059 2025 3088 69
2032 3059 2058 3081 C.
2064 3058 2225 3082 Monumentum
2230 3055 2321 3079 vendere
2329 3059 2367 3077 aut
2377 3052 2522 3084 alienigenare
2533 3052 2606 3075 volue-

1765 3095 1804 3121 rit,
1812 3095 1853 3117 &c.

1794 3120 1822 3147 ¶
1822 3116 1980 3147 Abaliẽno,
1957 3111 2002 3151 avi,
2012 3120 2071 3142 atum,
2080 3122 2122 3142 are,
2129 3108 2435 3145 abhold⸗abguͤnſtig⸗abwendig
2449 3108 2541 3140 machen.
2556 3108 2607 3133 Cic.

1763 3151 1841 3176 2Phil.
1849 3158 1866 3173 c.
1873 3156 1894 3178 15
1898 3148 2031 3173 Abalienare
2040 3147 2173 3171 voluntatem
2182 3146 2273 3174 alicujus
2281 3151 2289 3166 a
2290 3145 2323 3174 ſe.
2334 3143 2415 3174 Nepos
2420 3148 2448 3170 17,
2453 3149 2496 3171 2,5
2503 3142 2607 3164 Homines

1758 3180 1806 3212 ſuis
1811 3180 1871 3205 rebus
1881 3180 2008 3204 abalienare.
2036 3177 2100 3201 Idem
2106 3183 2164 3203 22,2,
2171 3184 2183 3198 2
2189 3176 2221 3198 Hi
2226 3182 2292 3200 totam
2298 3174 2447 3199 abalienarunt
2452 3172 2561 3203 Africam.
2577 3172 2606 3196 Et

1767 3212 1849 3237 Livius
1855 3212 1922 3240 26,38
1926 3210 2077 3234 abalienantur
2081 3208 2155 3232 animi.

1797 3247 1812 3270 ¶
1827 3240 1994 3268 Abalienãtus,
1998 3242 2022 3273 a,
2032 3241 2074 3272 um,
2086 3236 2227 3266 abgetrennet,
2240 3233 2354 3262 abwendig,
2368 3230 2489 3264 abſpaͤnſtig.
2519 3231 2608 3257 Feſtus:

1768 3271 1908 3295 Abalienatus
1915 3269 2006 3296 dicitur,
2012 3275 2069 3299 quem
2076 3268 2122 3298 quis
2126 3275 2140 3288 a
2140 3267 2165 3296 ſe
2170 3266 2291 3290 removerit.
2306 3266 2348 3289 Cic.
2360 3266 2388 3287 ad
2394 3267 2437 3288 Att.
2444 3271 2474 3294 1,3
2481 3264 2609 3286 Mirandum

1767 3308 1791 3331 in
1799 3305 1880 3329 modum
1889 3306 1921 3336 eſt
1921 3306 1989 3334 animo
1999 3308 2121 3326 abalienato.
2138 3302 2202 3327 Idem
2209 3302 2266 3325 Verr.
2277 3308 2300 3329 4,
2307 3307 2333 3328 27
2338 3298 2466 3323 Abalienati
2466 3297 2545 3328 ſcelere
2549 3295 2610 3329 iſtius

1766 3343 1778 3357 a
1786 3334 1846 3357 nobis
1860 3333 1918 3363 omnes
1926 3340 1984 3362 reges
1991 3328 2107 3361 amiciſſimi.
2143 3327 2240 3360 Quintil.
2253 3332 2293 3358 8,3
2305 3327 2387 3352 Medici
2398 3326 2521 3350 abalienata
2532 3325 2611 3348 morbis

1768 3366 1862 3389 membra
1863 3364 1989 3396 præcidunt,
1996 3364 2011 3388 i.
2026 3371 2033 3386 e.
2044 3368 2160 3389 emortua,
2167 3360 2201 3385 die
2207 3360 2339 3388 verdorbene,
2347 3357 2487 3388 abgeſtorbene
2493 3356 2582 3385 glieder.

1797 3396 1951 3424 Abalienatio,
1958 3397 2009 3425 onis,
2016 3396 2031 3419 f.
2038 3395 2070 3421 die
2083 3388 2224 3425 veraͤuſſerung,
2233 3388 2408 3424 verzichtleiſtung.
2418 3388 2458 3414 Cic.
2472 3389 2521 3423 Top.
2529 3395 2559 3418 c.5
2567 3393 2612 3411 ext.

1770 3426 1859 3460 definit,
1861 3426 1922 3463 quod
1928 3424 1955 3453 ſit
1965 3425 1993 3450 rei,
1992 3433 2042 3458 quæ
2048 3423 2142 3457 mancipi
2146 3422 2274 3457 eſt,traditio
2278 3421 2346 3454 alteri
2348 3428 2414 3450 nexu,
2419 3427 2457 3444 aut
2463 3419 2486 3441 in
2486 3425 2542 3447 jure
2548 3417 2612 3447 ceſſio.
