1934 2853
404 369 756 419 FEBRIVM
756 362 1125 412 THEORIA.

209 463 243 494 ni
263 454 415 508 oppoſitas,
443 465 534 501 atque
556 456 611 493 ſub
634 458 744 493 iisdem
766 454 940 488 reſiſtentiis
962 455 1005 486 vis
1019 453 1118 485 cordis
1132 451 1176 483 eſt
1199 460 1323 491 propor-

210 515 330 541 tionalis
353 504 506 546 quadrato
523 508 729 548 magnitudini
760 505 906 541 arteriae,
935 508 968 531 et
997 496 1190 540 frequentiae
1221 494 1323 537 pulſus

210 570 243 600 in
258 566 290 597 ſe
305 565 438 597 inuicem
460 561 564 603 ductis,
589 562 672 603 quod
694 560 734 594 ſic
749 559 871 602 probari
886 558 993 600 poteſt.

315 620 374 654 23.
409 616 453 646 Vt
475 610 613 655 ſanguis,
655 624 664 642 a
687 614 779 642 corde
801 606 935 649 emiſſus,
963 608 1087 640 arterias
1111 604 1204 648 duplo
1228 603 1325 645 magis

213 664 344 712 diducat,
368 667 487 702 neceſſe
509 667 567 708 eſt,
596 675 627 697 vt
642 664 736 708 duplo
760 662 868 695 maiori
893 661 977 703 copia
1008 661 1089 692 intra
1112 659 1217 691 datum
1248 666 1324 689 tem-

212 727 268 755 pus
292 727 310 746 e
325 719 415 747 corde
431 725 537 752 exeat;
558 727 665 744 verum
680 716 826 751 quoniam
841 711 955 741 orificia
976 704 1120 740 arterioſa
1142 706 1240 738 cordis
1254 702 1325 736 ſunt

213 769 359 805 tendinea
374 781 405 803 et
421 773 480 802 vix
499 770 654 814 mutabilia,
674 768 794 809 ſanguis
810 766 862 797 illa
877 763 1063 796 transiiciens
1080 761 1173 794 debet
1190 759 1326 803 gaudere

213 822 308 866 duplo
330 824 437 855 maiori
460 823 637 860 velocitate,
673 821 812 859 adeoque
843 826 881 846 ex
903 815 1056 857 principiis
1082 811 1273 857 hydraulices
1297 812 1328 842 vi

214 875 384 918 quadruplo
406 875 524 905 maiore
545 875 669 914 proiici;
701 873 764 903 iam
786 869 808 901 ſi
830 867 933 914 pulſus
956 869 992 901 ſit
1015 867 1109 908 duplo
1132 863 1328 908 frequentior

213 926 312 968 ſolito,
337 925 455 965 eiectio,
471 937 549 965 quae
565 925 780 966 perficiebatur
795 924 829 953 in
845 931 905 951 vno
928 916 1079 956 ſecundo,
1105 915 1210 957 perfici
1233 915 1359 948 debet

213 982 247 1014 in
255 974 488 1020 ſemiſecundo,
513 976 566 1008 ſeu
584 978 619 1007 in
634 986 774 1016 tempore
796 975 892 1015 duplo
913 971 1044 1010 minore,
1067 979 1161 1012 quam
1176 964 1330 1010 ſuppoſui-

215 1043 301 1072 mus;
329 1029 383 1072 ſed
394 1040 431 1074 vt
452 1031 562 1064 eadem
576 1029 731 1077 ſanguinis
753 1027 905 1069 quantitas
929 1036 983 1066 per
1003 1022 1154 1058 orificium
1175 1024 1258 1056 idem
1275 1022 1328 1053 eii-

213 1084 310 1117 ciatur
333 1083 427 1128 duplo
444 1083 556 1114 minori
578 1086 729 1122 tempore,
755 1078 807 1109 ſeu
823 1078 917 1120 duplo
934 1076 1077 1117 velocius,
1095 1076 1172 1109 illud
1188 1073 1281 1106 debet
1299 1073 1329 1105 vi

215 1136 387 1181 quadruplo
413 1137 526 1183 maiore
547 1132 666 1178 proiici,
678 1131 828 1175 adeoque
843 1140 875 1163 vt
891 1131 1029 1163 eiiciatur
1050 1127 1261 1170 frequentius,
1285 1126 1331 1158 vis

191 1185 309 1234 debet
324 1189 446 1237 intendi
468 1189 502 1220 in
516 1178 634 1235 ratione
652 1184 803 1234 duplicata
817 1183 1019 1225 frequentiae.
1087 1182 1136 1214 Sic
1159 1188 1190 1212 et
1207 1178 1329 1222 phyſio-

216 1241 291 1285 logi,
312 1233 479 1293 praeeunte
492 1232 692 1281 hydraulica.
730 1241 776 1270 At
787 1239 871 1268 recte
885 1246 918 1267 et
930 1234 1113 1279 phyſiologi,
1134 1236 1176 1265 vti
1189 1233 1332 1265 Marterr

217 1293 280 1340 cum
301 1283 391 1330 corde
408 1282 541 1332 arterias
552 1285 630 1334 ipſas
647 1282 680 1335 in
690 1286 925 1320 determinanda
941 1286 971 1315 vi
982 1283 1083 1325 pulſus
1098 1294 1162 1315 non
1174 1282 1332 1320 omittunt,

216 1337 248 1376 vt
264 1332 404 1375 arteriis
449 1340 543 1371 etiam
585 1333 673 1369 ſuum
709 1341 878 1376 competat:
927 1332 1011 1373 quod
1045 1329 1175 1374 analoga
1213 1329 1333 1360 ratione

213 1417 317 1451 ponas.

286 1442 379 1492 24.
401 1445 558 1490 Quamdiu
573 1444 704 1480 fluidum
719 1443 816 1477 libere
839 1453 893 1487 per
910 1439 1023 1476 orificia
1039 1439 1106 1474 tubi
1128 1437 1278 1474 emiſſaria
1294 1441 1336 1470 ef-

217 1506 296 1547 fluit,
318 1500 436 1538 tamdiu
450 1503 569 1538 nullam
582 1498 766 1543 preſſionem
780 1497 947 1542 parietibus
963 1495 1102 1530 vaſorum
1124 1496 1220 1529 infert
1234 1495 1333 1537 (Hae-

219 1547 301 1597 maſt.
312 1551 442 1603 246.);
452 1547 552 1601 verum
567 1546 707 1592 arteriae,
730 1559 809 1592 quae
825 1548 941 1582 nullam
956 1547 1039 1580 intus
1048 1545 1230 1588 preſſionem
1247 1556 1263 1576 a
1273 1542 1336 1576 ſan-

216 1598 316 1656 guine
339 1602 535 1654 paterentur,
559 1602 703 1638 facillime
727 1602 807 1635 flecti
830 1599 950 1645 poſſent
973 1599 1026 1642 (ex
1049 1597 1260 1632 demonſtratis
1280 1598 1335 1628 Va-

220 1658 368 1699 rignoni),
390 1656 530 1697 adeoque
545 1657 713 1686 renitentia
734 1660 916 1684 arteriarum
939 1652 984 1680 eſt
997 1646 1233 1690 proportionalis
1255 1642 1336 1687 preſ-

219 1709 309 1754 ſioni
309 1707 476 1753 ſanguinis
487 1708 618 1751 laterali.

327 1764 384 1813 25.
415 1770 531 1805 Preſſio
555 1783 659 1803 autem
681 1775 813 1802 lateralis
842 1769 997 1808 ſanguinis
1027 1767 1071 1795 eſt
1101 1761 1336 1805 proportionalis

224 1823 372 1867 quadrato
394 1824 561 1858 velocitatis
582 1825 778 1867 reſpectiuae,
802 1825 853 1852 ſeu
877 1823 1025 1859 quadrato
1048 1815 1182 1849 exceſſus
1199 1815 1340 1849 velocita‧

224 1872 268 1912 tis
286 1875 439 1923 ſanguinis
456 1873 665 1920 ſubſequentis
688 1878 777 1917 ſupra
798 1879 991 1906 velocitatem
1007 1869 1226 1910 antecedentis,
1251 1868 1342 1908 adeo‧

224 1942 288 1975 que
302 1933 483 1968 arteriarum
503 1928 671 1965 renitentia
692 1931 800 1962 huicce
815 1929 963 1970 quadrato
986 1924 1220 1967 proportionalis
1234 1923 1287 1956 eſt.

331 1995 389 2032 26.
417 1998 723 2032 COROLLARIVM.
749 1999 781 2027 Si
797 1998 900 2034 itaque
916 1992 1024 2023 eadem
1041 1991 1110 2023 data
1119 1992 1248 2021 arteriae
1259 1995 1342 2027 mag-

226 2051 371 2086 nitudine
387 2045 430 2084 et
447 2048 551 2093 pulſus
572 2051 766 2092 frequentia,
795 2050 860 2078 eius
883 2046 1051 2078 renitentia
1072 2043 1107 2075 ſit
1124 2043 1218 2086 duplo
1234 2040 1342 2077 maior,

229 2098 305 2134 actio
321 2099 487 2145 reſpectiva
509 2098 720 2134 columnarum
735 2101 898 2139 ſanguinis
912 2098 1006 2136 duplo
1029 2096 1125 2125 maior
1148 2093 1206 2123 eſt:
1233 2090 1253 2121 ſi
1272 2100 1344 2131 qua-

230 2152 340 2195 druplo
362 2152 458 2186 maior
473 2152 509 2186 ſit
525 2155 667 2185 velocitas
681 2155 858 2191 reſpectiua,
873 2150 1054 2189 ſexdecuplo
1069 2147 1166 2175 maior
1181 2141 1233 2183 eſt,
1257 2150 1316 2174 cet.

322 2225 392 2266 27.
407 2221 731 2263 COROLLARIVM.
756 2220 910 2253 Velocitas
934 2214 1100 2261 reſpectiua
1117 2215 1177 2256 eſt,
1201 2223 1231 2248 vt
1257 2214 1344 2248 diffe-

231 2272 331 2306 rentia
352 2267 564 2313 velocitatum;
582 2273 609 2317 ſi
620 2275 730 2312 itaque
751 2270 893 2302 velocitas
908 2267 1062 2309 ſanguinis
1085 2263 1294 2297 antecedentis
1311 2261 1347 2294 ſit

232 2323 350 2364 eadem,
386 2330 417 2353 et
442 2329 546 2356 tamen
570 2324 737 2355 tenitentia
767 2326 947 2351 arteriarum
970 2318 1141 2358 quadruplo
1165 2314 1271 2352 maior,
1294 2321 1345 2342 ne-

234 2379 348 2414 ceſſum
365 2377 425 2419 eſt,
449 2386 481 2409 vt
494 2377 637 2411 velocitas
661 2377 816 2418 ſanguinis
840 2373 1049 2416 ſubſequentis
1074 2371 1108 2402 ſit
1124 2371 1218 2412 duplo
1242 2369 1347 2403 maior,

235 2430 376 2475 adeoque
388 2435 421 2477 vt
437 2429 480 2463 vis
504 2431 601 2470 cordis
627 2430 797 2469 quadruplo
812 2429 908 2457 maior
932 2423 1062 2461 euaſerit
1085 2420 1240 2464 (Haemaſt.
1268 2416 1350 2453 216.
