2549 2858
804 1219 854 1250 De
878 1217 1007 1249 vindica-

806 1277 893 1314 tione
912 1275 992 1309 utili.

821 1744 995 1781 Vindicatio

819 1792 919 1841 feudi.

1010 577 1088 616 ren
1099 565 1214 623 ſeyn/
1226 572 1315 612 und
1328 570 1397 611 der
1409 563 1529 618 Herr
1540 563 1609 610 des
1620 562 1886 608 commodirten
1899 557 2078 614 Guthes
2096 554 2166 611 ſich
2178 554 2241 602 al⸗

1012 621 1119 670 Ieine
1129 622 1270 661 actione
1273 620 1459 674 perſonali
1468 625 1528 662 an
1546 619 1622 662 den
1631 614 1948 657 commodatorium
1963 616 2108 653 ratione
2121 623 2246 650 inter-

1014 686 1079 738 eſſe
1107 678 1265 742 halten/
1280 687 1357 730 und
1384 682 1463 727 ſein
1483 679 1613 733 Guth
1632 675 1933 732 anzuſprechen
1953 675 2060 728 nicht
2078 671 2247 727 befuget

1015 750 1109 800 ſeyn
1120 745 1199 799 ſoll.
1230 744 1307 791 So
1320 741 1492 794 haltens
1504 741 1594 795 doch
1600 730 2092 793 dieSchoͤppen⸗Stuͤhle
2107 737 2152 780 in
2164 736 2247 781 die⸗

1016 803 1097 859 ſem
1107 800 1321 856 einig/daß
1334 800 1380 843 in
1380 799 1550 849 practica
1561 797 1631 853 uff
1638 795 1761 853 dieſes
1775 793 1975 851 unbillige
1988 791 2121 846 Recht
2141 789 2246 844 nicht

1019 865 1075 914 zu
1084 846 1278 913 ſprechen.
1339 853 1402 898 Ex
1419 850 1567 909 quibus
1579 859 1701 908 patet,
1712 846 1856 906 praxin
1865 846 2107 892 Saxonicam
2122 858 2142 887 a
2152 841 2248 888 foro

1020 913 1253 967 diſcesſiſſe;
1278 912 1385 956 Licet
1406 908 1485 958 hoc,
1512 910 1608 966 quod
1629 901 1814 961 Zobelius
1835 904 1933 950 inde
1948 906 2077 956 infert,
2096 907 2136 945 in
2153 917 2248 944 com-

1022 973 1162 1015 modato
1171 970 1376 1022 transferri
1385 969 1588 1018 dominium,
1597 978 1683 1008 non
1692 962 1892 1021 ſequatur,
1900 962 1961 1007 uti
1969 959 2174 1007 oſtenſum
2191 960 2248 1005 eſt

1025 1027 1059 1080 §.
1063 1027 1220 1080 præced.
1271 1014 1443 1068 Interim
1460 1020 1685 1079 optandum
1702 1017 1834 1071 foret,
1842 1025 1885 1077 ut
1904 1017 1945 1060 in
1963 1016 2146 1075 pluribus
2166 1013 2248 1059 aliis

1024 1087 1251 1135 momentis
1264 1085 1313 1132 ab
1326 1083 1540 1145 iniquitate
1555 1083 1651 1142 juris
1666 1080 1859 1128 Saxonici
1873 1080 1915 1125 in
1931 1079 2026 1126 foro
2040 1075 2250 1124 recedere-

1023 1168 1101 1198 tur.

1133 1209 1172 1263 §.
1181 1206 1252 1253 IX.
1283 1205 1444 1250 Verum
1454 1211 1501 1247 ut
1510 1199 1558 1245 ad
1569 1197 1695 1258 ipſam
1704 1198 1784 1245 Rei
1793 1195 2105 1243 vindicationem
2114 1205 2248 1237 rever-

1022 1278 1168 1320 tamur,
1176 1266 1218 1310 in
1227 1264 1406 1312 confeſſo
1416 1263 1473 1310 eſt
1488 1264 1597 1322 apud
1606 1261 1688 1306 Dd.
1700 1273 1777 1318 pro
1788 1258 1978 1318 qualitate
1993 1257 2168 1302 dominii
2186 1269 2249 1301 et-

1025 1328 1107 1372 iam
1122 1324 1342 1383 qualificari
1359 1324 1482 1382 ipſam
1498 1324 1558 1368 rei
1575 1320 1900 1367 vindicationem.
1963 1320 2086 1365 Unde
2102 1317 2129 1363 ſi
2144 1317 2251 1362 dire-

1026 1387 1140 1430 ctum
1149 1382 1381 1427 dominium
1389 1379 1609 1424 vindicanti
1619 1380 1838 1433 competat,
1847 1377 1906 1419 rei
1918 1373 2136 1423 vindicatio
2147 1373 2252 1417 dire-

1029 1447 1093 1489 cta
1100 1441 1172 1499 ipſi
1182 1440 1444 1492 conceditur;
1466 1438 1600 1495 Quod
1617 1437 1646 1479 ſi
1663 1437 1755 1480 utili
1770 1444 1929 1479 tantum
1945 1432 2125 1494 gaudeat,
2147 1431 2256 1481 utilis

1032 1503 1204 1551 quoque
1213 1501 1427 1549 competet
1434 1489 1491 1534 rei
1501 1478 1732 1534 vindicatio.
1792 1488 1846 1532 Et
1856 1486 1961 1534 hinc,
1971 1490 2157 1541 quamvis
2168 1489 2256 1539 ſpe-

1032 1560 1113 1603 cies
1130 1555 1314 1614 quædam
1333 1555 1441 1601 utilis
1465 1552 1638 1602 dominii
1660 1551 1735 1610 juri
1752 1551 1941 1599 Romano
1959 1545 2163 1606 incognita
2185 1544 2254 1602 ſit,

1032 1615 1251 1676 poſtquam
1258 1626 1396 1661 tamen
1406 1615 1471 1659 illa
1477 1613 1550 1659 uſu
1558 1611 1740 1664 invaluit,
1748 1610 1904 1658 nullum
1918 1608 2049 1656 ſubeſt
2066 1607 2254 1659 dubium,

1035 1676 1178 1721 utilem
1198 1675 1255 1719 rei
1275 1671 1591 1719 vindicationem
1606 1684 1655 1713 ex
1672 1668 1756 1723 jure
1765 1667 1956 1714 Romano
1971 1663 2068 1709 huic
2086 1666 2258 1721 negotio

1035 1730 1314 1790 applicandam
1326 1730 1409 1776 eſſe.
1471 1731 1649 1776 Solenne
1666 1725 1783 1782 hujus
1798 1724 1855 1769 rei
1864 1722 2098 1781 exemplum
2114 1735 2260 1768 occur-

1037 1796 1091 1839 rit
1099 1794 1140 1837 in
1147 1791 1286 1841 feudo,
1296 1788 1408 1845 cujus
1418 1786 1648 1835 dominium
1657 1787 1755 1831 utile
1763 1793 1860 1828 cum
1874 1785 1917 1828 in
1931 1782 2120 1830 vaſallum
2134 1781 2258 1827 tranſ-

1040 1864 1114 1901 eat,
1123 1850 1232 1895 utilis
1244 1861 1410 1908 quoque
1419 1846 1531 1894 feudi
1542 1845 1764 1893 vindicatio
1784 1843 1954 1891 tranſeat
1973 1841 2173 1889 neceſſum
2189 1842 2257 1887 eſt.

1040 1909 1155 1956 Hinc
1163 1916 1351 1953 notanter
1359 1904 1508 1950 dicitur
1516 1913 1561 1948 in
1561 1913 1668 1947 textu
1668 1911 1701 1946 2.
1712 1905 1822 1945 Feud.
1834 1910 1866 1949 8.
1875 1902 1909 1954 §.
1919 1902 1978 1943 rei
1986 1910 2118 1941 autem.
2127 1899 2261 1954 Quod

1039 1963 1220 2013 Vaſallus
1236 1962 1483 2023 poteſtatem
1499 1959 1661 2008 habeat,
1676 1970 1857 2013 tanquam
1872 1959 2036 2000 dominus
2052 1956 2223 1999 feudum
2237 1971 2261 1997 a

1042 2024 1227 2085 quolibet
1236 2025 1460 2087 poſſidente
1470 2021 1539 2070 ſibi
1549 2024 1657 2081 quaſi
1659 2023 1863 2070 vindicare,
1875 2031 1963 2076 quæ
1978 2017 2098 2063 verba
2115 2019 2257 2063 utilem

1037 2087 1095 2131 rei
1113 2084 1426 2133 vindicationem
1444 2095 1579 2139 aperte
1594 2081 1772 2126 innuunt
1788 2093 1836 2123 ac
1850 2077 2090 2125 deſcribunt.
2108 2077 2256 2125 Bitſch.

1039 2162 1224 2194 comment.
1242 2151 1297 2192 ad
1309 2165 1337 2191 2.
1350 2148 1450 2203 feud.
1462 2154 1494 2192 8.
1504 2156 1590 2198 pag.
1599 2158 1673 2194 257.
1728 2139 1834 2200 Quæ
1850 2141 1963 2187 utilis
1977 2139 2200 2187 vindicatio
2217 2139 2261 2183 in

1041 2202 1186 2249 vaſallo
1204 2214 1321 2249 tantæ
1336 2193 1518 2247 efficaciæ
1535 2201 1609 2253 eſt,
1628 2209 1675 2243 ut
1691 2196 1719 2240 ſi
1735 2191 1949 2242 concurrat
1967 2208 2062 2238 cum
2080 2195 2167 2252 ipſo
2176 2196 2263 2238 feu-

1040 2267 1083 2311 di
1098 2263 1292 2315 domino,
1319 2265 1358 2306 &
1375 2271 1549 2317 uterque
1565 2275 1585 2305 a
1602 2257 1728 2303 tertio
1744 2256 1914 2303 feudum
1931 2255 2136 2301 vindicare
2152 2254 2263 2304 velit,

1041 2320 1169 2367 vaſalli
1187 2318 1375 2365 conditio
1391 2318 1535 2375 potior
1551 2306 1618 2362 ſit,
1633 2322 1783 2370 utpote
1798 2311 1885 2362 cui,
1902 2318 2075 2368 propter
2088 2312 2265 2356 domini-

1040 2395 1112 2427 um
1128 2379 1249 2432 utile,
1268 2379 1390 2426 etiam
1406 2377 1519 2423 feudi
1537 2374 1727 2437 poſſesſio
1753 2375 1945 2427 debetur;
1975 2372 2148 2418 Domini
2164 2385 2265 2416 vero
