<PcGts xmlns="http://schema.primaresearch.org/PAGE/gts/pagecontent/2019-07-15" xmlns:xsi="http://www.w3.org/2001/XMLSchema-instance" pcGtsId="PAGE_01" xsi:schemaLocation="http://schema.primaresearch.org/PAGE/gts/pagecontent/2019-07-15 http://schema.primaresearch.org/PAGE/gts/pagecontent/2019-07-15/pagecontent.xsd">
  <Metadata>
    <Creator>OCR-D DFG Phase III</Creator>
    <Created>2024-01-19T13:09:51Z</Created>
    <LastChange>2024-01-19T13:09:51Z</LastChange>
    <Comments>ODEM: OCR-D extension for mass digitization (2021-2024)</Comments>
  </Metadata>
  <Page imageFilename="MAX/urn+nbn+de+gbv+3+1-751412-p0349-8_lat.png" imageWidth="1611" imageHeight="2332" type="content" primaryLanguage="Latin">
    <Border>
      <Coords points="79,213 80,2250 1349,2262 1350,231"/>
    </Border>
    <ReadingOrder>
      <OrderedGroup id="ro_1658303278601" caption="Regions reading order">
        <RegionRefIndexed index="0" regionRef="region0004"/>
        <RegionRefIndexed index="1" regionRef="TextRegion_1658302576322_2341"/>
        <RegionRefIndexed index="2" regionRef="TextRegion_1658302576322_2340"/>
        <RegionRefIndexed index="3" regionRef="TextRegion_1658302570195_2286"/>
      </OrderedGroup>
    </ReadingOrder>
    <TextRegion orientation="-0.030530926" readingDirection="left-to-right" id="region0004" custom="readingOrder {index:0;}">
      <Coords points="129,441 960,441 960,1190 129,1190"/>
      <TextLine id="region0004_line0001" custom="readingOrder {index:0;}">
        <Coords points="537,441 533,453 508,454 410,450 129,451 129,498 215,497 232,493 251,496 258,491 286,494 291,497 370,497 397,496 403,493 587,494 633,487 690,491 707,488 762,490 763,495 772,501 786,498 791,489 817,489 820,495 830,498 844,495 846,491 959,495 959,455 937,450 909,450 898,441 872,442 866,447 861,441 840,441 828,449 773,450 747,450 743,442 733,441 721,451 601,450 560,453 555,441"/>
        <Word id="region0004_line0001_word0000" custom="readingOrder {index:0;}">
          <Coords points="135,455 244,455 244,483 135,483"/>
          <TextEquiv conf="0.88515437">
            <Unicode>mens</Unicode>
          </TextEquiv>
        </Word>
        <Word id="region0004_line0001_word0001" custom="readingOrder {index:1;}">
          <Coords points="268,454 425,454 425,483 268,483"/>
          <TextEquiv conf="0.88545257">
            <Unicode>notatur</Unicode>
          </TextEquiv>
        </Word>
        <Word id="region0004_line0001_word0002" custom="readingOrder {index:2;} textStyle {offset:0; length:7;italic:true; fontSize:0.0; kerning:0;}">
          <Coords points="535,445 533,453 508,454 447,451 447,483 593,483 593,450 560,453 556,445"/>
          <TextEquiv conf="0.9007929">
            <Unicode>omnibus</Unicode>
          </TextEquiv>
        </Word>
        <Word id="region0004_line0001_word0003" custom="readingOrder {index:3;} textStyle {offset:0; length:7;italic:true; fontSize:0.0; kerning:0;}">
          <Coords points="724,448 721,451 612,450 612,481 754,481 754,450 747,450 746,448"/>
          <TextEquiv conf="0.50230604">
            <Unicode>numeris</Unicode>
          </TextEquiv>
        </Word>
        <Word id="region0004_line0001_word0004" custom="readingOrder {index:4;} textStyle {offset:0; length:10;italic:true; fontSize:0.0; kerning:0;}">
          <Coords points="832,446 828,449 773,450 772,450 772,495 787,495 791,489 817,489 820,495 844,495 846,491 948,494 948,452 937,450 909,450 904,446 867,446 866,447 865,446"/>
          <TextEquiv conf="0.89162666">
            <Unicode>perfectus,</Unicode>
          </TextEquiv>
        </Word>
        <TextEquiv conf="0.8130665">
          <Unicode>mens notatur omnibus numeris perfectus,</Unicode>
        </TextEquiv>
      </TextLine>
      <TextLine id="region0004_line0002" custom="readingOrder {index:1;}">
        <Coords points="633,488 625,491 620,497 592,502 574,502 569,493 554,493 549,502 428,504 420,503 419,496 414,494 400,495 395,501 292,501 286,495 261,492 254,494 251,502 237,494 218,496 211,501 129,501 129,545 140,545 152,553 161,553 170,546 317,546 361,538 371,538 380,543 501,543 512,540 522,556 533,557 549,554 554,544 562,540 605,542 615,538 659,538 758,541 790,539 796,534 842,540 873,540 879,537 893,537 897,540 959,540 959,496 842,496 830,499 818,495 789,496 782,501 772,502 758,495 726,495 719,489 707,489 701,495 658,495 652,489"/>
        <Word id="region0004_line0002_word0000" custom="readingOrder {index:0;}">
          <Coords points="227,495 218,496 211,501 136,501 136,543 240,543 240,495 238,495"/>
          <TextEquiv conf="0.57558066">
            <Unicode>quaſi</Unicode>
          </TextEquiv>
        </Word>
        <Word id="region0004_line0002_word0001" custom="readingOrder {index:1;}">
          <Coords points="249,533 392,533 392,501 292,501 286,495 261,492 254,494 251,502 249,500"/>
          <TextEquiv conf="0.57558066">
            <Unicode>dicatur</Unicode>
          </TextEquiv>
        </Word>
        <Word id="region0004_line0002_word0002" custom="readingOrder {index:2;} textStyle {offset:0; length:4;italic:true; fontSize:0.0; kerning:0;}">
          <Coords points="400,495 399,496 399,530 487,530 487,503 428,504 420,503 419,496 416,495"/>
          <TextEquiv conf="0.91124123">
            <Unicode>homo</Unicode>
          </TextEquiv>
        </Word>
        <Word id="region0004_line0002_word0003" custom="readingOrder {index:3;} textStyle {offset:0; length:7;italic:true; fontSize:0.0; kerning:0;}">
          <Coords points="551,497 549,502 495,502 495,543 501,543 512,540 514,544 554,544 562,540 605,542 615,538 615,497 592,502 574,502 571,497"/>
          <TextEquiv conf="0.90631074">
            <Unicode>regius,</Unicode>
          </TextEquiv>
        </Word>
        <Word id="region0004_line0002_word0004" custom="readingOrder {index:4;}">
          <Coords points="625,493 625,531 700,531 700,495 658,495 656,493"/>
          <TextEquiv conf="0.92221">
            <Unicode>ſive</Unicode>
          </TextEquiv>
        </Word>
        <Word id="word_1658302625706_2362" custom="readingOrder {index:5;}">
          <Coords points="709,496 760,496 772,502 782,501 789,496 808,496 808,532 709,532"/>
          <TextEquiv>
            <Unicode>inter</Unicode>
          </TextEquiv>
        </Word>
        <Word id="word_1658302625706_2361" custom="readingOrder {index:6;}">
          <Coords points="808,496 821,496 830,499 842,496 948,496 948,532 808,532"/>
          <TextEquiv>
            <Unicode>omnes</Unicode>
          </TextEquiv>
        </Word>
        <TextEquiv>
          <Unicode>quaſi dicatur homo regius, ſive inter omnes</Unicode>
        </TextEquiv>
      </TextLine>
      <TextLine id="region0004_line0003" custom="readingOrder {index:2;}">
        <Coords points="796,535 789,544 759,545 686,546 665,544 659,539 615,539 605,543 572,542 567,547 567,558 558,560 526,560 508,551 486,548 381,549 380,544 371,539 347,540 335,545 323,544 314,550 276,550 254,545 168,550 161,554 129,550 129,594 146,592 152,595 171,596 310,597 317,593 331,596 357,595 367,588 377,588 384,593 396,590 411,590 415,593 428,590 464,593 559,589 577,592 649,592 663,588 671,592 703,590 717,595 726,593 729,587 769,590 877,589 884,586 899,589 959,589 959,545 898,544 893,538 879,538 872,544 817,544 812,536"/>
        <Word id="region0004_line0003_word0000" custom="readingOrder {index:0;}">
          <Coords points="347,540 335,545 323,544 314,550 276,550 254,545 168,550 161,554 136,550 136,586 471,586 471,548 381,549 380,544 372,540"/>
          <TextEquiv conf="0.4044432">
            <Unicode>excellentiſſimus.</Unicode>
          </TextEquiv>
        </Word>
        <Word id="region0004_line0003_word0001" custom="readingOrder {index:1;}">
          <Coords points="487,562 575,562 575,574 487,574"/>
          <TextEquiv conf="0.4044432">
            <Unicode>----</Unicode>
          </TextEquiv>
        </Word>
        <Word id="region0004_line0003_word0002" custom="readingOrder {index:2;}">
          <Coords points="595,543 595,582 681,582 681,545 665,544 663,543 605,543"/>
          <TextEquiv conf="0.91228044">
            <Unicode>Alia</Unicode>
          </TextEquiv>
        </Word>
        <Word id="region0004_line0003_word0003" custom="readingOrder {index:3;}">
          <Coords points="792,540 789,544 759,545 699,545 699,590 703,590 705,591 727,591 729,587 769,590 873,589 873,543 872,544 817,544 814,540"/>
          <TextEquiv conf="0.885161">
            <Unicode>quædam</Unicode>
          </TextEquiv>
        </Word>
        <Word id="region0004_line0003_word0004" custom="readingOrder {index:4;}">
          <Coords points="882,544 882,581 950,581 950,544 898,544"/>
          <TextEquiv conf="0.9100246">
            <Unicode>hu-</Unicode>
          </TextEquiv>
        </Word>
        <TextEquiv conf="0.7032705">
          <Unicode>excellentiſſimus. ---- Alia quædam hu-</Unicode>
        </TextEquiv>
      </TextLine>
      <TextLine id="region0004_line0004" custom="readingOrder {index:3;}">
        <Coords points="884,587 875,590 870,596 856,596 849,589 811,590 806,593 804,599 756,599 752,593 737,588 729,588 726,594 718,596 703,591 672,595 667,590 657,589 650,592 648,597 624,599 579,599 578,593 571,590 555,592 554,599 528,599 521,591 444,597 435,591 425,592 420,597 416,597 411,591 396,591 391,593 390,597 385,597 377,589 367,589 357,598 333,599 325,594 317,594 309,600 154,600 149,594 133,593 129,595 129,649 142,652 147,648 189,646 197,652 205,653 229,647 285,646 300,642 493,644 556,636 634,639 848,636 853,637 858,643 871,645 880,643 883,637 959,635 959,601 902,596 900,590"/>
        <Word id="region0004_line0004_word0000" custom="readingOrder {index:0;}">
          <Coords points="135,638 191,638 191,600 154,600 149,594 135,593"/>
          <TextEquiv conf="0.8995966">
            <Unicode>jus</Unicode>
          </TextEquiv>
        </Word>
        <Word id="region0004_line0004_word0001" custom="readingOrder {index:1;}">
          <Coords points="315,595 309,600 201,600 201,642 300,642 346,642 346,598 333,599 326,595"/>
          <TextEquiv conf="0.8995966">
            <Unicode>generis</Unicode>
          </TextEquiv>
        </Word>
        <Word id="region0004_line0004_word0002" custom="readingOrder {index:2;}">
          <Coords points="364,591 357,598 353,598 353,633 456,633 456,596 444,597 435,591 425,592 420,597 416,597 411,591 396,591 391,593 390,597 385,597 379,591"/>
          <TextEquiv conf="0.87730134">
            <Unicode>dabit</Unicode>
          </TextEquiv>
        </Word>
        <Word id="region0004_line0004_word0003" custom="readingOrder {index:3;} textStyle {offset:0; length:9;italic:true; fontSize:0.0; kerning:0;}">
          <Coords points="470,595 469,595 469,634 649,634 649,595 649,595 648,597 624,599 579,599 578,595 555,595 554,599 528,599 524,595"/>
          <TextEquiv>
            <Unicode>Kircherus</Unicode>
          </TextEquiv>
        </Word>
        <Word id="region0004_line0004_word0004" custom="readingOrder {index:4;}">
          <Coords points="656,595 691,595 691,631 656,631"/>
          <TextEquiv conf="0.39460716">
            <Unicode>in</Unicode>
          </TextEquiv>
        </Word>
        <Word id="region0004_line0004_word0005" custom="readingOrder {index:5;} textStyle {offset:0; length:5;italic:true; fontSize:0.0; kerning:0;}">
          <Coords points="701,596 701,631 798,631 798,599 756,599 754,596 718,596"/>
          <TextEquiv conf="0.8285135">
            <Unicode>China</Unicode>
          </TextEquiv>
        </Word>
        <Word id="region0004_line0004_word0006" custom="readingOrder {index:6;} textStyle {offset:0; length:9;italic:true; fontSize:0.0; kerning:0;}">
          <Coords points="807,595 807,636 848,636 853,637 856,641 881,641 883,637 952,635 952,600 902,596 901,595 870,595 870,596 856,596 855,595"/>
          <TextEquiv conf="0.8285135">
            <Unicode>illuſtra-</Unicode>
          </TextEquiv>
        </Word>
        <TextEquiv>
          <Unicode>jus generis dabit Kircherus in China illuſtra-</Unicode>
        </TextEquiv>
      </TextLine>
      <TextLine id="region0004_line0005" custom="readingOrder {index:4;}">
        <Coords points="556,637 517,641 509,644 507,648 499,649 436,649 370,642 330,642 300,643 276,649 233,649 205,654 193,650 129,653 129,695 146,696 167,691 180,694 185,700 197,702 207,695 302,695 319,691 327,694 336,692 372,696 377,693 434,690 439,694 482,698 535,694 548,687 577,690 638,686 685,689 699,686 704,689 705,694 715,697 726,687 764,687 778,682 792,687 812,688 834,685 849,685 854,688 861,685 876,688 919,688 959,684 959,649 937,645 866,646 848,637 831,637 825,641 763,644 754,644 748,637 735,637 731,639 730,644 674,645 602,644 596,637"/>
        <Word id="region0004_line0005_word0000" custom="readingOrder {index:0;} textStyle {offset:0; length:2;italic:true; fontSize:0.0; kerning:0;}">
          <Coords points="138,656 176,656 176,683 138,683"/>
          <TextEquiv conf="0.89561033">
            <Unicode>ta</Unicode>
          </TextEquiv>
        </Word>
        <Word id="region0004_line0005_word0001" custom="readingOrder {index:1;}">
          <Coords points="190,655 292,655 292,694 190,694"/>
          <TextEquiv conf="0.8086915">
            <Unicode>parte</Unicode>
          </TextEquiv>
        </Word>
        <Word id="region0004_line0005_word0002" custom="readingOrder {index:2;}">
          <Coords points="305,647 414,647 414,687 305,687"/>
          <TextEquiv conf="0.35295668">
            <Unicode>VI.c.</Unicode>
          </TextEquiv>
        </Word>
        <Word id="region0004_line0005_word0003" custom="readingOrder {index:3;}">
          <Coords points="429,658 461,658 461,682 429,682"/>
          <TextEquiv conf="0.7337101">
            <Unicode>2.</Unicode>
          </TextEquiv>
        </Word>
        <Word id="region0004_line0005_word0004" custom="readingOrder {index:4;}">
          <Coords points="475,657 505,657 505,690 475,690"/>
          <TextEquiv conf="0.7337101">
            <Unicode>3.</Unicode>
          </TextEquiv>
        </Word>
        <Word id="word_1658302672557_2397" custom="readingOrder {index:5;}">
          <Coords points="554,646 702,646 702,687 699,686 685,689 638,686 577,690 554,687"/>
          <TextEquiv>
            <Unicode>Verum</Unicode>
          </TextEquiv>
        </Word>
        <Word id="word_1658302672557_2396" custom="readingOrder {index:6;}">
          <Coords points="702,646 813,646 813,687 812,688 792,687 778,682 764,687 726,687 717,695 708,695 705,694 704,689 702,687"/>
          <TextEquiv>
            <Unicode>plura</Unicode>
          </TextEquiv>
        </Word>
        <Word id="region0004_line0005_word0006" custom="readingOrder {index:7;}">
          <Coords points="827,647 864,647 864,682 827,682"/>
          <TextEquiv conf="0.85683256">
            <Unicode>&amp;</Unicode>
          </TextEquiv>
        </Word>
        <Word id="region0004_line0005_word0007" custom="readingOrder {index:8;}">
          <Coords points="875,656 952,656 952,682 875,682"/>
          <TextEquiv>
            <Unicode>cer-</Unicode>
          </TextEquiv>
        </Word>
        <TextEquiv>
          <Unicode>ta parte VI.c. 2. 3. Verum plura &amp; cer-</Unicode>
        </TextEquiv>
      </TextLine>
      <TextLine id="region0004_line0006" custom="readingOrder {index:5;}">
        <Coords points="778,683 762,688 758,693 738,693 736,689 726,688 715,698 705,695 699,687 688,688 683,693 657,693 649,687 638,687 631,693 527,695 482,699 440,696 434,691 404,692 395,696 372,698 330,699 328,695 316,692 307,695 305,700 205,699 197,703 162,692 152,697 129,697 129,742 237,745 239,752 251,755 258,754 265,745 319,745 325,742 338,742 342,747 342,754 346,755 365,743 522,741 539,737 555,740 587,739 597,735 611,738 617,733 630,733 639,739 671,738 681,734 695,734 701,737 766,737 768,742 776,744 789,743 793,741 794,736 846,737 861,734 867,737 959,737 959,693 885,693 877,692 870,686 855,689 849,686 834,686 819,691 793,692 790,686"/>
        <Word id="region0004_line0006_word0000" custom="readingOrder {index:0;}">
          <Coords points="140,729 237,729 237,699 205,699 197,703 162,692 152,697 140,697"/>
          <TextEquiv conf="0.92207">
            <Unicode>tiora</Unicode>
          </TextEquiv>
        </Word>
        <Word id="region0004_line0006_word0001" custom="readingOrder {index:1;}">
          <Coords points="247,741 324,741 324,694 316,692 307,695 305,700 247,699"/>
          <TextEquiv conf="0.8840782">
            <Unicode>peti</Unicode>
          </TextEquiv>
        </Word>
        <Word id="region0004_line0006_word0002" custom="readingOrder {index:2;}">
          <Coords points="488,698 482,699 440,696 434,691 404,692 395,696 372,698 341,698 341,745 361,745 365,743 488,741"/>
          <TextEquiv conf="0.8555285">
            <Unicode>poſſent</Unicode>
          </TextEquiv>
        </Word>
        <Word id="region0004_line0006_word0003" custom="readingOrder {index:3;}">
          <Coords points="502,703 547,703 547,728 502,728"/>
          <TextEquiv conf="0.9296256">
            <Unicode>ex</Unicode>
          </TextEquiv>
        </Word>
        <Word id="region0004_line0006_word0004" custom="readingOrder {index:4;}">
          <Coords points="631,693 560,694 560,730 700,730 700,693 683,693 657,693"/>
          <TextEquiv conf="0.914856">
            <Unicode>oculari</Unicode>
          </TextEquiv>
        </Word>
        <Word id="region0004_line0006_word0005" custom="readingOrder {index:5;}">
          <Coords points="724,689 723,690 723,737 766,737 766,739 793,739 794,736 846,737 861,734 867,737 951,737 951,693 885,693 877,692 873,689 855,689 825,689 819,691 793,692 791,689 761,689 758,693 738,693 736,689"/>
          <TextEquiv conf="0.70932066">
            <Unicode>inſpectione</Unicode>
          </TextEquiv>
        </Word>
        <TextEquiv conf="0.8692465">
          <Unicode>tiora peti poſſent ex oculari inſpectione</Unicode>
        </TextEquiv>
      </TextLine>
      <TextLine id="region0004_line0007" custom="readingOrder {index:6;}">
        <Coords points="617,734 611,739 597,736 589,738 586,743 565,745 556,745 554,740 539,738 534,740 531,746 362,747 346,756 341,754 338,743 325,743 315,750 286,753 282,753 277,746 265,746 258,755 252,756 242,753 231,754 229,748 224,745 209,748 206,745 191,743 129,743 129,794 169,794 181,790 194,790 199,793 227,792 228,797 235,800 249,790 283,794 290,790 315,790 325,793 345,788 396,790 411,787 417,790 432,790 444,787 454,791 532,791 639,784 648,787 711,789 770,783 817,792 853,784 959,785 959,743 868,742 864,736 852,735 847,737 845,742 792,742 776,745 767,742 701,738 695,735 638,741 630,734"/>
        <Word id="region0004_line0007_word0000" custom="readingOrder {index:0;} textStyle {offset:0; length:9;italic:true; fontSize:0.0; kerning:0;}">
          <Coords points="143,745 143,790 181,790 194,790 249,790 290,790 311,790 311,750 286,753 282,753 277,746 265,746 258,755 252,756 242,753 231,754 229,748 224,745 209,748 206,745"/>
          <TextEquiv conf="0.37614548">
            <Unicode>Ilai-pien</Unicode>
          </TextEquiv>
        </Word>
        <Word id="region0004_line0007_word0001" custom="readingOrder {index:1;}">
          <Coords points="325,743 320,746 320,780 395,780 395,746 362,747 346,756 341,754 338,743"/>
          <TextEquiv conf="0.8733047">
            <Unicode>ſive</Unicode>
          </TextEquiv>
        </Word>
        <Word id="region0004_line0007_word0002" custom="readingOrder {index:2;}">
          <Coords points="533,742 531,746 411,746 411,784 566,784 566,744 565,745 556,745 554,742"/>
          <TextEquiv conf="0.8757615">
            <Unicode>oceani,</Unicode>
          </TextEquiv>
        </Word>
        <Word id="region0004_line0007_word0003" custom="readingOrder {index:3;}">
          <Coords points="593,739 631,739 631,779 593,779"/>
          <TextEquiv conf="0.86449534">
            <Unicode>id</Unicode>
          </TextEquiv>
        </Word>
        <Word id="region0004_line0007_word0004" custom="readingOrder {index:4;}">
          <Coords points="651,741 712,741 712,782 651,782"/>
          <TextEquiv conf="0.90038073">
            <Unicode>eſt,</Unicode>
          </TextEquiv>
        </Word>
        <Word id="region0004_line0007_word0005" custom="readingOrder {index:5;}">
          <Coords points="731,741 731,786 770,783 790,787 839,787 853,784 862,784 862,741 845,741 845,742 792,742 776,745 767,742 750,741"/>
          <TextEquiv conf="0.90038073">
            <Unicode>magni</Unicode>
          </TextEquiv>
        </Word>
        <Word id="region0004_line0007_word0006" custom="readingOrder {index:6;}">
          <Coords points="880,752 949,752 949,777 880,777"/>
          <TextEquiv conf="0.92653465">
            <Unicode>vo-</Unicode>
          </TextEquiv>
        </Word>
        <TextEquiv conf="0.8167147">
          <Unicode>Ilai-pien ſive oceani, id eſt, magni vo-</Unicode>
        </TextEquiv>
      </TextLine>
      <TextLine id="region0004_line0008" custom="readingOrder {index:7;}">
        <Coords points="763,784 719,791 667,790 639,785 619,788 535,790 530,793 529,807 503,806 494,796 455,795 452,790 444,788 433,790 431,795 419,795 418,791 411,788 399,789 394,795 378,794 372,789 345,789 325,794 315,791 290,791 284,798 257,798 255,793 249,791 235,801 220,797 201,797 194,791 181,791 174,796 129,797 129,842 149,843 154,839 165,839 172,842 290,843 297,839 306,839 319,843 376,840 386,836 430,839 439,835 451,835 459,840 528,843 607,835 634,836 640,831 652,831 660,836 735,836 745,829 757,830 760,833 771,832 777,839 785,841 798,835 815,834 824,840 839,841 851,830 914,835 929,833 936,836 959,834 959,795 876,794 870,785 841,786 831,793 817,793 810,790 794,790 785,785"/>
        <Word id="region0004_line0008_word0000" custom="readingOrder {index:0;}">
          <Coords points="175,795 174,796 140,796 140,834 315,834 315,795 286,795 284,798 257,798 255,795 243,795 235,801 220,797 201,797 198,795"/>
          <TextEquiv conf="0.9159759">
            <Unicode>cabularii</Unicode>
          </TextEquiv>
        </Word>
        <Word id="word_1658302717493_2437" custom="readingOrder {index:1;}">
          <Coords points="335,795 455,795 472,795 472,838 455,838 451,835 439,835 432,838 415,838 386,836 381,838 335,838"/>
          <TextEquiv>
            <Unicode>Sinici.</Unicode>
          </TextEquiv>
        </Word>
        <Word id="word_1658302721411_2441" custom="readingOrder {index:2;}">
          <Coords points="472,795 529,795 537,795 743,796 743,830 737,834 537,838 472,838"/>
          <TextEquiv>
            <Unicode>„Hactenus</Unicode>
          </TextEquiv>
        </Word>
        <Word id="region0004_line0008_word0003" custom="readingOrder {index:3;} textStyle {offset:0; length:11;italic:true; fontSize:0.0; kerning:0;}">
          <Coords points="950,796 757,796 757,830 760,833 771,832 777,839 785,841 798,835 815,834 824,840 839,841 851,830 914,835 929,833 936,836 950,834"/>
          <TextEquiv>
            <Unicode>Pfeifferus:</Unicode>
          </TextEquiv>
        </Word>
        <TextEquiv>
          <Unicode>cabularii Sinici. „Hactenus Pfeifferus:</Unicode>
        </TextEquiv>
      </TextLine>
      <TextLine id="region0004_line0009" custom="readingOrder {index:8;}">
        <Coords points="745,830 737,839 660,840 659,836 652,832 640,832 633,840 607,836 601,841 528,844 462,842 451,836 439,836 430,840 386,837 376,841 330,845 314,845 306,840 297,840 287,846 240,848 174,844 165,840 154,840 149,844 129,843 129,891 162,887 175,891 203,892 208,897 220,898 231,892 294,891 302,887 367,890 441,888 458,885 464,888 517,890 526,885 533,885 539,889 561,888 568,892 579,892 605,882 621,886 642,886 665,885 676,881 695,884 777,884 783,881 870,883 887,880 905,884 959,885 959,840 865,838 863,833 851,831 839,842 818,838 785,842 777,840 771,833 760,834 757,831"/>
        <Word id="region0004_line0009_word0000" custom="readingOrder {index:0;}">
          <Coords points="272,887 272,846 240,848 174,844 165,840 154,840 149,844 141,843 141,887 162,887"/>
          <TextEquiv conf="0.9130055">
            <Unicode>Atque</Unicode>
          </TextEquiv>
        </Word>
        <Word id="region0004_line0009_word0001" custom="readingOrder {index:1;}">
          <Coords points="297,840 296,840 296,879 347,879 347,843 330,845 314,845 306,840"/>
          <TextEquiv conf="0.8912482">
            <Unicode>ita</Unicode>
          </TextEquiv>
        </Word>
        <Word id="region0004_line0009_word0002" custom="readingOrder {index:2;}">
          <Coords points="360,877 410,877 410,841 376,841 360,842"/>
          <TextEquiv conf="0.8912482">
            <Unicode>eſt</Unicode>
          </TextEquiv>
        </Word>
        <Word id="region0004_line0009_word0003" custom="readingOrder {index:3;}">
          <Coords points="432,839 430,840 430,882 529,882 529,843 528,844 462,842 456,839"/>
          <TextEquiv conf="0.8925343">
            <Unicode>ſane,</Unicode>
          </TextEquiv>
        </Word>
        <Word id="word_1658302764185_2463" custom="readingOrder {index:4;}">
          <Coords points="553,842 601,841 607,836 626,838 626,886 621,886 605,882 594,886 553,886"/>
          <TextEquiv conf="0.912302">
            <Unicode>qui</Unicode>
          </TextEquiv>
        </Word>
        <Word id="region0004_line0009_word0005" custom="readingOrder {index:5;}">
          <Coords points="677,840 660,840 659,836 652,832 640,832 637,835 637,886 642,886 665,885 676,881 677,881"/>
          <TextEquiv conf="0.9273442">
            <Unicode>de</Unicode>
          </TextEquiv>
        </Word>
        <Word id="region0004_line0009_word0006" custom="readingOrder {index:6;}">
          <Coords points="739,836 737,839 685,839 685,877 954,877 954,839 865,838 864,836 845,836 839,842 818,838 785,842 777,840 773,836"/>
          <TextEquiv conf="0.912244">
            <Unicode>ordinechara-</Unicode>
          </TextEquiv>
        </Word>
        <TextEquiv conf="0.9057038">
          <Unicode>Atque ita eſt ſane, qui de ordinechara-</Unicode>
        </TextEquiv>
      </TextLine>
      <TextLine id="region0004_line0010" custom="readingOrder {index:9;}">
        <Coords points="876,881 869,885 810,887 783,882 776,887 760,888 696,888 691,883 676,882 662,888 627,890 618,885 605,883 579,893 539,890 533,886 526,886 517,891 465,890 458,886 447,886 440,891 431,892 364,893 325,893 317,888 302,888 287,895 230,895 220,899 208,898 204,894 156,888 129,892 129,940 322,940 367,938 372,934 386,933 410,933 416,936 762,934 828,931 836,928 877,933 959,935 959,887 927,887"/>
        <Word id="region0004_line0010_word0000" custom="readingOrder {index:0;}">
          <Coords points="149,889 141,890 141,928 286,928 286,895 230,895 220,899 208,898 204,894 164,889"/>
          <TextEquiv conf="0.8925786">
            <Unicode>cterum</Unicode>
          </TextEquiv>
        </Word>
        <Word id="region0004_line0010_word0001" custom="readingOrder {index:1;}">
          <Coords points="299,889 294,891 294,928 533,928 533,889 520,889 517,891 465,890 463,889 442,889 440,891 431,892 364,893 325,893 318,889"/>
          <TextEquiv conf="0.8958673">
            <Unicode>ſermonicari</Unicode>
          </TextEquiv>
        </Word>
        <Word id="region0004_line0010_word0002" custom="readingOrder {index:2;}">
          <Coords points="543,900 587,900 587,927 543,927"/>
          <TextEquiv conf="0.9069581">
            <Unicode>ex</Unicode>
          </TextEquiv>
        </Word>
        <Word id="region0004_line0010_word0003" custom="readingOrder {index:3;}">
          <Coords points="596,889 596,925 654,925 654,889 644,889 627,890 625,889"/>
          <TextEquiv conf="0.9069581">
            <Unicode>ſua</Unicode>
          </TextEquiv>
        </Word>
        <Word id="region0004_line0010_word0004" custom="readingOrder {index:4;}">
          <Coords points="668,888 815,888 815,928 668,928"/>
          <TextEquiv conf="0.7061759">
            <Unicode>ſcientia</Unicode>
          </TextEquiv>
        </Word>
        <Word id="region0004_line0010_word0005" custom="readingOrder {index:5;}">
          <Coords points="956,930 956,890 828,890 828,930 830,930 836,928 852,930"/>
          <TextEquiv conf="0.89867723">
            <Unicode>vellet,</Unicode>
          </TextEquiv>
        </Word>
        <TextEquiv conf="0.8678692">
          <Unicode>cterum ſermonicari ex ſua ſcientia vellet,</Unicode>
        </TextEquiv>
      </TextLine>
      <TextLine id="region0004_line0011" custom="readingOrder {index:10;}">
        <Coords points="836,929 828,932 801,933 795,938 668,936 430,939 410,934 386,934 372,935 361,941 129,942 129,988 141,985 155,985 159,988 183,988 189,985 212,988 226,986 232,995 244,997 253,993 255,989 436,985 458,981 503,984 516,978 524,979 529,991 533,992 551,990 559,984 608,983 617,979 630,979 635,982 696,982 708,977 721,977 727,981 798,984 836,981 856,983 864,978 878,977 888,988 900,987 905,981 916,979 959,982 959,937 890,935"/>
        <Word id="region0004_line0011_word0000" custom="readingOrder {index:0;}">
          <Coords points="361,944 139,944 139,985 141,985 155,985 157,987 185,987 189,985 204,987 219,987 226,986 226,987 345,987 361,986"/>
          <TextEquiv conf="0.8797806">
            <Unicode>comparare</Unicode>
          </TextEquiv>
        </Word>
        <Word id="region0004_line0011_word0001" custom="readingOrder {index:1;}">
          <Coords points="373,937 373,974 459,974 459,938 430,939 422,937"/>
          <TextEquiv conf="0.89307475">
            <Unicode>illos</Unicode>
          </TextEquiv>
        </Word>
        <Word id="word_1658302789296_2472" custom="readingOrder {index:2;}">
          <Coords points="466,945 610,945 610,982 608,983 559,984 557,985 526,985 524,979 516,978 503,984 466,981"/>
          <TextEquiv>
            <Unicode>magno</Unicode>
          </TextEquiv>
        </Word>
        <Word id="word_1658302789296_2471" custom="readingOrder {index:3;}">
          <Coords points="610,945 800,945 800,983 798,984 727,981 721,977 708,977 696,982 635,982 630,979 617,979 610,982"/>
          <TextEquiv>
            <Unicode>numero,</Unicode>
          </TextEquiv>
        </Word>
        <Word id="region0004_line0011_word0003" custom="readingOrder {index:4;}">
          <Coords points="826,936 863,936 863,976 826,976"/>
          <TextEquiv conf="0.90273714">
            <Unicode>&amp;</Unicode>
          </TextEquiv>
        </Word>
        <Word id="region0004_line0011_word0004" custom="readingOrder {index:5;}">
          <Coords points="955,946 872,946 872,977 878,977 883,983 903,983 905,981 916,979 955,981"/>
          <TextEquiv conf="0.92286444">
            <Unicode>quæ</Unicode>
          </TextEquiv>
        </Word>
        <TextEquiv>
          <Unicode>comparare illos magno numero, &amp; quæ</Unicode>
        </TextEquiv>
      </TextLine>
      <TextLine id="region0004_line0012" custom="readingOrder {index:11;}">
        <Coords points="708,978 701,985 636,986 630,980 617,980 611,986 557,988 533,993 528,991 524,980 516,979 508,984 507,989 475,989 470,983 458,982 451,985 450,989 260,992 244,998 232,996 226,987 212,989 189,986 182,992 161,992 155,986 141,986 135,993 129,993 129,1037 152,1035 158,1038 188,1038 197,1034 204,1034 210,1038 323,1037 329,1032 344,1037 389,1037 455,1035 461,1030 470,1029 479,1035 488,1034 493,1030 544,1034 545,1038 558,1042 571,1038 573,1034 674,1032 681,1027 692,1027 699,1031 838,1034 869,1032 876,1033 886,1041 900,1041 914,1035 959,1034 959,983 916,980 900,988 888,989 878,978 864,979 854,985 787,986 728,985 721,978"/>
        <Word id="region0004_line0012_word0000" custom="readingOrder {index:0;}">
          <Coords points="142,988 142,1028 181,1028 181,992 161,992 157,988"/>
          <TextEquiv conf="0.7027699">
            <Unicode>in</Unicode>
          </TextEquiv>
        </Word>
        <Word id="region0004_line0012_word0001" custom="readingOrder {index:1;}">
          <Coords points="190,989 190,1026 257,1026 257,993 244,998 232,996 227,989 212,989"/>
          <TextEquiv conf="0.7027699">
            <Unicode>illis</Unicode>
          </TextEquiv>
        </Word>
        <Word id="region0004_line0012_word0002" custom="readingOrder {index:2;}">
          <Coords points="450,987 450,989 267,991 267,1028 491,1028 491,989 475,989 473,987"/>
          <TextEquiv conf="0.8936422">
            <Unicode>communia</Unicode>
          </TextEquiv>
        </Word>
        <Word id="region0004_line0012_word0003" custom="readingOrder {index:3;}">
          <Coords points="509,983 508,984 507,989 501,989 501,1030 544,1034 544,1037 571,1037 573,1034 674,1032 681,1027 692,1027 699,1031 838,1034 848,1033 848,985 787,986 728,985 726,983 703,983 701,985 636,986 633,983 614,983 611,986 557,988 533,993 528,991 525,983"/>
          <TextEquiv conf="0.877898">
            <Unicode>deprehenduntur,</Unicode>
          </TextEquiv>
        </Word>
        <Word id="region0004_line0012_word0004" custom="readingOrder {index:4;}">
          <Coords points="858,984 858,1032 869,1032 876,1033 882,1038 907,1038 914,1035 954,1034 954,984 908,984 900,988 888,989 883,984"/>
          <TextEquiv conf="0.93065506">
            <Unicode>ſigil-</Unicode>
          </TextEquiv>
        </Word>
        <TextEquiv conf="0.821547">
          <Unicode>in illis communia deprehenduntur, ſigil-</Unicode>
        </TextEquiv>
      </TextLine>
      <TextLine id="region0004_line0013" custom="readingOrder {index:12;}">
        <Coords points="681,1028 674,1033 616,1034 572,1038 558,1043 546,1039 513,1039 508,1031 493,1031 487,1038 479,1038 470,1030 461,1031 452,1039 386,1041 345,1041 343,1037 329,1033 322,1042 316,1043 211,1042 204,1035 193,1036 187,1041 171,1041 152,1036 139,1036 129,1038 129,1090 161,1090 173,1085 211,1089 292,1089 300,1085 309,1085 316,1089 335,1089 432,1087 458,1083 507,1088 519,1083 532,1083 537,1086 609,1085 618,1081 811,1081 959,1086 959,1039 909,1038 900,1042 886,1042 878,1037 707,1036 700,1035 692,1028"/>
        <Word id="region0004_line0013_word0000" custom="readingOrder {index:0;}">
          <Coords points="140,1036 140,1078 247,1078 247,1042 211,1042 205,1036 193,1036 187,1041 171,1041 152,1036"/>
          <TextEquiv>
            <Unicode>latim</Unicode>
          </TextEquiv>
        </Word>
        <Word id="region0004_line0013_word0001" custom="readingOrder {index:1;}">
          <Coords points="256,1077 439,1077 439,1039 386,1041 345,1041 343,1037 329,1033 322,1042 316,1043 256,1042"/>
          <TextEquiv conf="0.9119198">
            <Unicode>annotare</Unicode>
          </TextEquiv>
        </Word>
        <Word id="region0004_line0013_word0002" custom="readingOrder {index:2;}">
          <Coords points="458,1033 452,1039 448,1039 448,1079 618,1079 618,1033 616,1034 572,1038 558,1043 546,1039 513,1039 509,1033 491,1033 487,1038 479,1038 473,1033"/>
          <TextEquiv conf="0.88322985">
            <Unicode>deberet:</Unicode>
          </TextEquiv>
        </Word>
        <Word id="region0004_line0013_word0003" custom="readingOrder {index:3;}">
          <Coords points="651,1034 695,1034 695,1077 651,1077"/>
          <TextEquiv conf="0.89943373">
            <Unicode>Id</Unicode>
          </TextEquiv>
        </Word>
        <Word id="region0004_line0013_word0004" custom="readingOrder {index:4;}">
          <Coords points="712,1048 806,1048 806,1075 712,1075"/>
          <TextEquiv conf="0.89071155">
            <Unicode>vero</Unicode>
          </TextEquiv>
        </Word>
        <Word id="region0004_line0013_word0005" custom="readingOrder {index:5;}">
          <Coords points="818,1047 956,1047 956,1079 818,1079"/>
          <TextEquiv conf="0.90061903">
            <Unicode>corum</Unicode>
          </TextEquiv>
        </Word>
        <TextEquiv>
          <Unicode>latim annotare deberet: Id vero corum</Unicode>
        </TextEquiv>
      </TextLine>
      <TextLine id="region0004_line0014" custom="readingOrder {index:13;}">
        <Coords points="618,1082 605,1088 586,1090 538,1089 532,1084 519,1084 513,1089 493,1090 484,1086 458,1084 442,1085 416,1092 376,1094 317,1094 316,1090 309,1086 297,1087 291,1094 235,1094 173,1086 161,1091 129,1093 129,1139 153,1140 159,1135 181,1140 237,1139 243,1146 255,1147 260,1135 271,1135 276,1139 332,1140 406,1139 417,1134 429,1134 437,1138 470,1139 690,1136 776,1139 824,1136 938,1140 959,1136 959,1096 956,1095 883,1089 797,1089 765,1086 761,1082 744,1082 739,1086 711,1089 653,1088 643,1087 635,1082"/>
        <Word id="region0004_line0014_word0000" custom="readingOrder {index:0;}">
          <Coords points="142,1132 211,1132 211,1091 161,1091 142,1092"/>
          <TextEquiv conf="0.73106384">
            <Unicode>eſt,</Unicode>
          </TextEquiv>
        </Word>
        <Word id="region0004_line0014_word0001" custom="readingOrder {index:1;}">
          <Coords points="294,1090 291,1094 235,1094 232,1093 232,1139 237,1139 239,1142 257,1142 260,1135 271,1135 276,1139 332,1140 370,1139 370,1094 317,1094 316,1090"/>
          <TextEquiv conf="0.86293447">
            <Unicode>quibus</Unicode>
          </TextEquiv>
        </Word>
        <Word id="region0004_line0014_word0002" custom="readingOrder {index:2;}">
          <Coords points="380,1133 482,1133 482,1091 419,1091 416,1092 380,1093"/>
          <TextEquiv>
            <Unicode>noſſe</Unicode>
          </TextEquiv>
        </Word>
        <Word id="region0004_line0014_word0003" custom="readingOrder {index:3;}">
          <Coords points="498,1091 725,1091 725,1132 498,1132"/>
          <TextEquiv conf="0.6694049">
            <Unicode>characteres</Unicode>
          </TextEquiv>
        </Word>
        <Word id="region0004_line0014_word0004" custom="readingOrder {index:4;}">
          <Coords points="740,1093 777,1093 777,1134 740,1134"/>
          <TextEquiv conf="0.9228229">
            <Unicode>&amp;</Unicode>
          </TextEquiv>
        </Word>
        <Word id="region0004_line0014_word0005" custom="readingOrder {index:5;}">
          <Coords points="794,1099 954,1099 954,1133 794,1133"/>
          <TextEquiv conf="0.7846875">
            <Unicode>conten-</Unicode>
          </TextEquiv>
        </Word>
        <TextEquiv>
          <Unicode>eſt, quibus noſſe characteres &amp; conten-</Unicode>
        </TextEquiv>
      </TextLine>
      <TextLine id="region0004_line0015" custom="readingOrder {index:14;}">
        <Coords points="417,1135 406,1140 368,1144 278,1144 271,1136 260,1136 255,1148 238,1144 177,1143 172,1137 159,1136 152,1143 129,1143 129,1189 497,1187 498,1146 495,1142 437,1139 429,1135"/>
        <Word id="region0004_line0015_word0000" custom="readingOrder {index:0;}">
          <Coords points="144,1143 144,1188 236,1188 236,1143 177,1143 152,1143"/>
          <TextEquiv conf="0.63581383">
            <Unicode>dere</Unicode>
          </TextEquiv>
        </Word>
        <Word id="word_1658302837838_2511" custom="readingOrder {index:1;}">
          <Coords points="257,1142 276,1142 278,1144 368,1144 385,1142 385,1185 246,1185 246,1145 255,1148"/>
          <TextEquiv>
            <Unicode>datum</Unicode>
          </TextEquiv>
        </Word>
        <Word id="word_1658302837838_2510" custom="readingOrder {index:2;}">
          <Coords points="385,1142 387,1142 449,1142 449,1185 385,1185"/>
          <TextEquiv>
            <Unicode>eſt.</Unicode>
          </TextEquiv>
        </Word>
        <TextEquiv>
          <Unicode>dere datum eſt.</Unicode>
        </TextEquiv>
      </TextLine>
      <TextEquiv>
        <Unicode>mens notatur omnibus numeris perfectus,&#13;
quaſi dicatur homo regius, ſive inter omnes&#13;
excellentiſſimus. ---- Alia quædam hu-&#13;
jus generis dabit Kircherus in China illuſtra-&#13;
ta parte VI.c. 2. 3. Verum plura &amp; cer-&#13;
tiora peti poſſent ex oculari inſpectione&#13;
Ilai-pien ſive oceani, id eſt, magni vo-&#13;
cabularii Sinici. „Hactenus Pfeifferus:&#13;
Atque ita eſt ſane, qui de ordinechara-&#13;
cterum ſermonicari ex ſua ſcientia vellet,&#13;
comparare illos magno numero, &amp; quæ&#13;
in illis communia deprehenduntur, ſigil-&#13;
latim annotare deberet: Id vero corum&#13;
eſt, quibus noſſe characteres &amp; conten-&#13;
dere datum eſt.</Unicode>
      </TextEquiv>
    </TextRegion>
    <TextRegion orientation="-0.030530926" type="heading" readingDirection="left-to-right" id="TextRegion_1658302576322_2341" custom="readingOrder {index:1;} structure {type:heading;}">
      <Coords points="131,1190 963,1190 963,1230 131,1230"/>
      <TextLine id="region0005_line0001" custom="readingOrder {index:0;}">
        <Coords points="422,1191 419,1195 420,1227 425,1231 441,1231 458,1240 497,1240 509,1237 516,1231 536,1229 545,1229 560,1237 571,1237 595,1226 610,1229 617,1226 632,1226 637,1221 637,1197 632,1192"/>
        <Baseline points="420,1221 637,1219"/>
        <Word id="word_1658302576372_2344" custom="readingOrder {index:0;}">
          <Coords points="458,1202 519,1202 519,1230 458,1230"/>
          <TextEquiv>
            <Unicode>§.</Unicode>
          </TextEquiv>
        </Word>
        <Word id="word_1658302576373_2346" custom="readingOrder {index:1;}">
          <Coords points="536,1206 593,1206 593,1226 585,1230 546,1230 545,1229 536,1229"/>
          <TextEquiv conf="0.7296871">
            <Unicode>23.</Unicode>
          </TextEquiv>
        </Word>
        <TextEquiv>
          <Unicode>§. 23.</Unicode>
        </TextEquiv>
      </TextLine>
      <TextEquiv>
        <Unicode>§. 5- 23. 23.</Unicode>
      </TextEquiv>
    </TextRegion>
    <TextRegion orientation="-0.030530926" readingDirection="left-to-right" id="TextRegion_1658302576322_2340" custom="readingOrder {index:2;}">
      <Coords points="131,1230 963,1230 963,2030 141,2030 131,1453"/>
      <TextLine id="line_1658302570244_2328" custom="readingOrder {index:0;}">
        <Coords points="131,1230 227,1231 243,1233 252,1239 260,1230 272,1230 280,1241 282,1234 288,1230 299,1230 307,1239 317,1239 321,1231 335,1229 341,1233 343,1239 367,1239 400,1237 407,1230 421,1229 428,1237 444,1237 458,1241 497,1241 509,1238 516,1232 536,1230 548,1231 560,1238 571,1238 581,1236 595,1227 607,1228 610,1235 671,1236 680,1235 687,1227 699,1227 706,1236 776,1237 778,1228 784,1224 798,1224 803,1228 811,1228 818,1237 963,1238 963,1285 912,1283 875,1291 863,1288 857,1283 813,1282 801,1287 791,1278 759,1282 696,1282 689,1278 677,1278 673,1281 643,1282 631,1279 623,1289 611,1287 606,1282 484,1282 470,1279 440,1281 434,1284 410,1284 404,1281 385,1281 379,1284 320,1282 301,1287 287,1286 279,1291 245,1287 188,1288 182,1284 170,1284 165,1287 144,1286 138,1280 138,1272 131,1271"/>
        <Baseline points="138,1276 963,1275"/>
        <Word id="region0005_line0002_word0000" custom="readingOrder {index:0;}">
          <Coords points="191,1236 191,1282 317,1282 317,1239 307,1239 304,1236 281,1236 280,1241 276,1236 254,1236 252,1239 247,1236"/>
          <TextEquiv>
            <Unicode>Nobis</Unicode>
          </TextEquiv>
        </Word>
        <Word id="region0005_line0002_word0001" custom="readingOrder {index:1;}">
          <Coords points="327,1235 327,1274 403,1274 403,1235 402,1235 400,1237 367,1239 343,1239 341,1235"/>
          <TextEquiv conf="0.6926207">
            <Unicode>hoc</Unicode>
          </TextEquiv>
        </Word>
        <Word id="region0005_line0002_word0002" custom="readingOrder {index:2;}">
          <Coords points="410,1235 410,1274 503,1274 503,1239 497,1241 458,1241 444,1237 428,1237 426,1235"/>
          <TextEquiv conf="0.7717362">
            <Unicode>loco</Unicode>
          </TextEquiv>
        </Word>
        <Word id="region0005_line0002_word0003" custom="readingOrder {index:3;}">
          <Coords points="511,1273 603,1273 603,1230 590,1230 581,1236 571,1238 560,1238 548,1231 536,1230 516,1232 511,1236"/>
          <TextEquiv conf="0.7717362">
            <Unicode>illud</Unicode>
          </TextEquiv>
        </Word>
        <Word id="region0005_line0002_word0004" custom="readingOrder {index:4;}">
          <Coords points="680,1235 671,1236 616,1235 616,1284 627,1284 631,1279 643,1282 673,1281 677,1278 689,1278 696,1282 743,1282 743,1236 706,1236 705,1235"/>
          <TextEquiv conf="0.9258139">
            <Unicode>potius</Unicode>
          </TextEquiv>
        </Word>
        <Word id="region0005_line0002_word0005" custom="readingOrder {index:5;}">
          <Coords points="777,1231 776,1237 752,1236 752,1282 759,1282 791,1278 797,1284 808,1284 813,1282 857,1283 858,1284 907,1284 912,1283 932,1284 955,1284 955,1238 818,1237 813,1231"/>
          <TextEquiv conf="0.90752375">
            <Unicode>adjungere</Unicode>
          </TextEquiv>
        </Word>
        <TextEquiv>
          <Unicode>Nobis hoc loco illud potius adjungere</Unicode>
        </TextEquiv>
      </TextLine>
      <TextLine id="line_1658302570245_2330" custom="readingOrder {index:1;}">
        <Coords points="131,1289 164,1289 170,1285 182,1285 191,1291 279,1292 287,1287 301,1288 320,1283 377,1287 385,1282 404,1282 412,1286 431,1287 440,1282 478,1280 485,1285 495,1286 593,1285 623,1290 631,1280 639,1280 644,1286 671,1285 677,1279 689,1279 697,1285 756,1286 777,1279 791,1279 801,1288 811,1285 858,1286 875,1292 912,1284 963,1286 963,1326 955,1327 934,1331 873,1331 859,1327 831,1332 747,1332 743,1329 730,1329 725,1332 693,1332 674,1328 651,1327 640,1330 608,1325 604,1328 603,1335 593,1338 579,1334 540,1336 509,1333 504,1329 410,1335 362,1335 356,1332 343,1334 327,1331 319,1334 306,1332 296,1338 176,1336 165,1344 154,1347 131,1345"/>
        <Word id="region0005_line0003_word0000" custom="readingOrder {index:0;}">
          <Coords points="168,1286 164,1289 145,1289 145,1338 172,1338 176,1336 288,1337 288,1287 287,1287 279,1292 191,1291 183,1286"/>
          <TextEquiv conf="0.8746811">
            <Unicode>placet:</Unicode>
          </TextEquiv>
        </Word>
        <Word id="region0005_line0003_word0001" custom="readingOrder {index:1;}">
          <Coords points="550,1333 550,1289 313,1289 313,1333 321,1333 327,1331 337,1333 349,1333 356,1332 358,1333 441,1333 504,1329 509,1333"/>
          <TextEquiv conf="0.89527076">
            <Unicode>Recteillos,</Unicode>
          </TextEquiv>
        </Word>
        <Word id="region0005_line0003_word0002" custom="readingOrder {index:2;}">
          <Coords points="570,1288 570,1334 579,1334 586,1336 599,1336 603,1335 604,1328 608,1325 639,1329 639,1288 624,1288 623,1290 611,1288"/>
          <TextEquiv conf="0.8973748">
            <Unicode>qui</Unicode>
          </TextEquiv>
        </Word>
        <Word id="region0005_line0003_word0003" custom="readingOrder {index:3;}">
          <Coords points="654,1287 654,1327 674,1328 853,1328 859,1327 862,1328 884,1328 884,1290 875,1292 860,1287 804,1287 801,1288 799,1287"/>
          <TextEquiv conf="0.9204969">
            <Unicode>characteres</Unicode>
          </TextEquiv>
        </Word>
        <Word id="region0005_line0003_word0004" custom="readingOrder {index:4;} textStyle {offset:0; length:3;italic:true; fontSize:0.0; kerning:0;}">
          <Coords points="906,1296 951,1296 951,1326 906,1326"/>
          <TextEquiv>
            <Unicode>Si-</Unicode>
          </TextEquiv>
        </Word>
        <TextEquiv>
          <Unicode>placet: Recteillos, qui characteres Si-</Unicode>
        </TextEquiv>
      </TextLine>
      <TextLine id="line_1658302570245_2332" custom="readingOrder {index:2;}">
        <Coords points="176,1337 190,1339 194,1344 215,1345 297,1339 306,1333 356,1333 364,1338 398,1338 478,1336 486,1335 492,1330 504,1330 510,1335 579,1335 593,1339 603,1336 608,1326 619,1326 637,1329 641,1333 656,1328 674,1329 680,1334 693,1335 723,1335 730,1330 743,1330 748,1336 828,1334 838,1330 859,1328 868,1329 878,1335 893,1335 900,1330 911,1330 917,1333 919,1340 929,1340 931,1333 938,1330 963,1328 963,1373 948,1375 934,1383 918,1379 832,1381 818,1378 795,1381 793,1386 785,1389 771,1388 756,1380 748,1380 741,1384 725,1384 672,1382 661,1378 624,1380 591,1377 546,1379 532,1383 452,1381 347,1387 218,1389 196,1377 188,1386 131,1384 131,1346 154,1348 168,1345 171,1339"/>
        <Word id="region0005_line0004_word0000" custom="readingOrder {index:0;} textStyle {offset:0; length:5;italic:true; fontSize:0.0; kerning:0;}">
          <Coords points="146,1369 234,1370 234,1343 215,1345 194,1344 190,1339 176,1337 171,1339 168,1345 154,1348 146,1347"/>
          <TextEquiv conf="0.8775815">
            <Unicode>nicos</Unicode>
          </TextEquiv>
        </Word>
        <Word id="region0005_line0004_word0001" custom="readingOrder {index:1;}">
          <Coords points="257,1370 547,1370 547,1335 510,1335 504,1330 492,1330 486,1335 478,1336 398,1338 364,1338 356,1333 306,1333 297,1339 257,1341"/>
          <TextEquiv conf="0.8441389">
            <Unicode>exiſtimaverint</Unicode>
          </TextEquiv>
        </Word>
        <Word id="region0005_line0004_word0002" custom="readingOrder {index:2;}">
          <Coords points="574,1371 742,1371 742,1330 730,1330 723,1335 693,1335 680,1334 674,1329 656,1328 641,1333 637,1329 619,1326 608,1326 603,1336 593,1339 579,1335 574,1335"/>
          <TextEquiv conf="0.84468824">
            <Unicode>adhiberi</Unicode>
          </TextEquiv>
        </Word>
        <Word id="region0005_line0004_word0003" custom="readingOrder {index:3;}">
          <Coords points="848,1329 838,1330 828,1334 774,1335 774,1379 810,1379 818,1378 822,1379 877,1379 877,1334 868,1329"/>
          <TextEquiv conf="0.9022985">
            <Unicode>poſſe</Unicode>
          </TextEquiv>
        </Word>
        <Word id="word_1658302570246_2334" custom="readingOrder {index:4;} textStyle {offset:0; length:4;italic:true; fontSize:0.0; kerning:0;}">
          <Coords points="896,1332 900,1330 911,1330 917,1333 919,1340 929,1340 931,1333 938,1330 955,1329 963,1329 963,1373 896,1373"/>
          <TextEquiv>
            <Unicode>loco</Unicode>
          </TextEquiv>
        </Word>
        <TextEquiv>
          <Unicode>nicos exiſtimaverint adhiberi poſſe loco</Unicode>
        </TextEquiv>
      </TextLine>
      <TextLine id="line_1658302570246_2336" custom="readingOrder {index:3;}">
        <Coords points="131,1385 169,1384 177,1387 181,1393 190,1395 189,1386 196,1378 220,1395 264,1396 361,1394 363,1388 369,1385 384,1386 387,1393 438,1392 445,1384 452,1382 469,1384 472,1392 473,1385 478,1382 507,1383 523,1390 529,1389 535,1382 576,1378 624,1381 661,1379 672,1383 714,1386 740,1386 748,1381 756,1381 771,1389 785,1390 794,1386 809,1386 811,1381 818,1379 829,1380 834,1386 838,1386 843,1380 857,1380 862,1386 898,1386 904,1380 918,1380 923,1386 933,1386 939,1379 948,1376 963,1374 963,1448 941,1448 932,1446 929,1434 921,1432 588,1432 522,1436 454,1432 443,1445 429,1444 422,1432 396,1433 392,1436 380,1433 347,1436 302,1434 221,1436 214,1447 201,1445 196,1436 184,1434 173,1446 131,1448"/>
        <Word id="region0005_line0005_word0000" custom="readingOrder {index:0;} textStyle {offset:0; length:9;italic:true; fontSize:0.0; kerning:0;}">
          <Coords points="305,1395 264,1396 220,1395 196,1378 189,1386 190,1395 181,1393 177,1387 169,1384 137,1385 137,1436 182,1436 184,1434 196,1436 196,1436 221,1436 221,1436 302,1434 305,1434"/>
          <TextEquiv>
            <Unicode>ſcriptura</Unicode>
          </TextEquiv>
        </Word>
        <Word id="region0005_line0005_word0001" custom="readingOrder {index:1;} textStyle {offset:0; length:12;italic:true; fontSize:0.0; kerning:0;}">
          <Coords points="444,1385 438,1392 387,1393 384,1386 369,1385 363,1388 361,1394 318,1394 318,1432 422,1432 454,1432 536,1432 536,1385 532,1385 529,1389 523,1390 511,1385 473,1385 472,1392 469,1385"/>
          <TextEquiv conf="0.8908738">
            <Unicode>univerſalis;</Unicode>
          </TextEquiv>
        </Word>
        <Word id="region0005_line0005_word0002" custom="readingOrder {index:2;}">
          <Coords points="562,1383 562,1424 684,1424 684,1383 672,1383"/>
          <TextEquiv conf="0.90556556">
            <Unicode>Ceſſat</Unicode>
          </TextEquiv>
        </Word>
        <Word id="region0005_line0005_word0003" custom="readingOrder {index:3;}">
          <Coords points="698,1385 698,1425 802,1425 802,1386 794,1386 785,1390 771,1389 763,1385 741,1385 740,1386 714,1386 700,1385"/>
          <TextEquiv conf="0.83991325">
            <Unicode>enim</Unicode>
          </TextEquiv>
        </Word>
        <Word id="region0005_line0005_word0004" custom="readingOrder {index:4;}">
          <Coords points="817,1384 817,1422 879,1422 879,1386 862,1386 860,1384 839,1384 838,1386 834,1386 832,1384"/>
          <TextEquiv conf="0.85437304">
            <Unicode>hic</Unicode>
          </TextEquiv>
        </Word>
        <Word id="region0005_line0005_word0005" custom="readingOrder {index:5;}">
          <Coords points="905,1384 905,1421 958,1421 958,1384 934,1384 933,1386 923,1386 921,1384"/>
          <TextEquiv conf="0.85437304">
            <Unicode>in-</Unicode>
          </TextEquiv>
        </Word>
        <TextEquiv>
          <Unicode>ſcriptura univerſalis; Ceſſat enim hic in-</Unicode>
        </TextEquiv>
      </TextLine>
      <TextLine id="line_1658302570247_2338" custom="readingOrder {index:4;}">
        <Coords points="139,1439 317,1438 322,1436 326,1426 343,1426 347,1437 390,1438 504,1435 512,1426 523,1427 529,1435 565,1435 570,1426 586,1426 591,1435 618,1435 624,1427 635,1427 640,1430 648,1426 661,1426 669,1435 687,1435 693,1426 705,1426 711,1436 844,1436 846,1426 867,1426 870,1436 963,1436 963,1490 958,1490 916,1482 826,1481 787,1482 781,1490 764,1490 759,1483 724,1484 718,1488 710,1488 705,1484 678,1481 452,1482 447,1490 424,1490 419,1484 139,1485"/>
        <Word id="region0006_line0001_word0000" custom="readingOrder {index:0;}">
          <Coords points="324,1428 322,1436 317,1438 145,1438 145,1473 409,1474 409,1437 390,1438 347,1437 344,1428"/>
          <TextEquiv conf="0.8895726">
            <Unicode>commodum</Unicode>
          </TextEquiv>
        </Word>
        <Word id="region0006_line0001_word0001" custom="readingOrder {index:1;}">
          <Coords points="505,1433 504,1435 429,1436 429,1483 451,1483 452,1482 678,1481 696,1483 723,1483 723,1436 711,1436 709,1433 688,1433 687,1435 669,1435 667,1433 619,1433 618,1435 591,1435 589,1433 566,1433 565,1435 529,1435 527,1433"/>
          <TextEquiv conf="0.71902406">
            <Unicode>particulariſmi;</Unicode>
          </TextEquiv>
        </Word>
        <Word id="region0006_line0001_word0002" custom="readingOrder {index:2;}">
          <Coords points="864,1429 845,1429 844,1436 755,1436 755,1482 787,1482 826,1481 864,1481"/>
          <TextEquiv conf="0.8508999">
            <Unicode>quod</Unicode>
          </TextEquiv>
        </Word>
        <Word id="region0006_line0001_word0003" custom="readingOrder {index:3;}">
          <Coords points="875,1441 958,1441 958,1470 875,1470"/>
          <TextEquiv>
            <Unicode>ante</Unicode>
          </TextEquiv>
        </Word>
        <TextEquiv>
          <Unicode>commodum particulariſmi; quod ante</Unicode>
        </TextEquiv>
      </TextLine>
      <TextLine id="line_1658302570231_2290" custom="readingOrder {index:5;}">
        <Coords points="170,1479 191,1479 201,1485 221,1487 287,1487 294,1478 305,1477 312,1487 465,1484 551,1488 566,1478 581,1476 654,1476 686,1484 773,1486 775,1476 796,1476 799,1486 844,1486 871,1484 873,1476 893,1476 897,1484 963,1486 963,1529 927,1528 917,1531 801,1532 785,1528 749,1528 740,1531 699,1530 694,1536 664,1541 623,1539 565,1529 527,1530 521,1527 441,1537 396,1532 287,1533 270,1532 260,1527 241,1531 239,1526 229,1527 222,1524 211,1533 141,1531 141,1486 163,1485"/>
        <Word id="word_1658302966153_2591" custom="readingOrder {index:0;}">
          <Coords points="148,1485 201,1485 221,1487 287,1487 288,1485 310,1485 312,1487 391,1485 391,1531 268,1531 260,1527 241,1531 239,1526 229,1527 222,1524 213,1531 148,1531"/>
          <TextEquiv>
            <Unicode>allegavimus</Unicode>
          </TextEquiv>
        </Word>
        <Word id="word_1658302966153_2590" custom="readingOrder {index:1;}">
          <Coords points="391,1485 414,1485 456,1485 456,1531 391,1531"/>
          <TextEquiv>
            <Unicode>§.</Unicode>
          </TextEquiv>
        </Word>
        <Word id="region0007_line0001_word0001" custom="readingOrder {index:2;}">
          <Coords points="489,1497 549,1497 549,1520 489,1520"/>
          <TextEquiv>
            <Unicode>20.</Unicode>
          </TextEquiv>
        </Word>
        <Word id="region0007_line0001_word0002" custom="readingOrder {index:3;}">
          <Coords points="613,1483 613,1537 617,1538 682,1538 694,1536 699,1530 740,1531 749,1528 785,1528 801,1532 917,1531 927,1528 960,1529 960,1486 897,1484 896,1483 871,1483 871,1484 844,1486 799,1486 798,1483 773,1483 773,1486 686,1484 682,1483"/>
          <TextEquiv conf="0.897897">
            <Unicode>Quemadmodum</Unicode>
          </TextEquiv>
        </Word>
        <TextEquiv>
          <Unicode>allegavimus §. 20. Quemadmodum</Unicode>
        </TextEquiv>
      </TextLine>
      <TextLine id="line_1658302570232_2292" custom="readingOrder {index:6;}">
        <Coords points="141,1532 211,1534 222,1525 229,1528 239,1527 241,1532 260,1528 268,1531 271,1537 441,1538 504,1535 509,1529 521,1528 528,1531 529,1535 596,1535 623,1540 662,1542 684,1540 700,1535 730,1534 749,1529 785,1529 818,1536 875,1536 941,1529 947,1532 963,1532 963,1581 662,1580 658,1586 644,1588 635,1585 632,1579 624,1576 586,1580 558,1576 550,1580 487,1580 480,1576 457,1573 448,1580 403,1581 396,1577 387,1577 381,1581 339,1581 326,1578 317,1582 291,1582 279,1579 274,1589 267,1592 256,1587 255,1582 226,1579 219,1579 214,1588 205,1590 196,1589 190,1580 186,1579 141,1580"/>
        <Word id="region0007_line0002_word0000" custom="readingOrder {index:0;}">
          <Coords points="218,1528 211,1534 147,1532 147,1579 186,1579 190,1580 196,1589 209,1589 214,1588 219,1579 226,1579 255,1582 256,1587 260,1589 274,1589 279,1579 291,1582 317,1582 326,1578 339,1581 366,1581 366,1537 271,1537 268,1531 260,1528 241,1532 239,1528 229,1528"/>
          <TextEquiv conf="0.83888084">
            <Unicode>Ulyſſipone</Unicode>
          </TextEquiv>
        </Word>
        <Word id="region0007_line0002_word0001" custom="readingOrder {index:1;}">
          <Coords points="378,1546 459,1546 459,1573 378,1573"/>
          <TextEquiv conf="0.9227003">
            <Unicode>non</Unicode>
          </TextEquiv>
        </Word>
        <Word id="region0007_line0002_word0002" custom="readingOrder {index:2;}">
          <Coords points="504,1535 470,1536 470,1573 613,1573 613,1538 596,1535 529,1535"/>
          <TextEquiv conf="0.5120707">
            <Unicode>minus,</Unicode>
          </TextEquiv>
        </Word>
        <Word id="region0007_line0002_word0003" custom="readingOrder {index:3;}">
          <Coords points="742,1545 628,1545 628,1577 632,1579 634,1584 659,1584 662,1580 742,1580"/>
          <TextEquiv conf="0.86366403">
            <Unicode>quam</Unicode>
          </TextEquiv>
        </Word>
        <Word id="region0007_line0002_word0004" custom="readingOrder {index:4;}">
          <Coords points="752,1536 913,1536 913,1576 752,1576"/>
          <TextEquiv conf="0.86366403">
            <Unicode>Viennæ</Unicode>
          </TextEquiv>
        </Word>
        <Word id="region0007_line0002_word0005" custom="readingOrder {index:5;}">
          <Coords points="921,1537 958,1537 958,1573 921,1573"/>
          <TextEquiv conf="0.9179511">
            <Unicode>&amp;</Unicode>
          </TextEquiv>
        </Word>
        <TextEquiv conf="0.81982183">
          <Unicode>Ulyſſipone non minus, quam Viennæ &amp;</Unicode>
        </TextEquiv>
      </TextLine>
      <TextLine id="line_1658302570233_2294" custom="readingOrder {index:7;}">
        <Coords points="141,1581 186,1580 192,1583 196,1590 205,1591 214,1589 219,1580 226,1580 235,1582 237,1587 253,1587 267,1593 275,1589 279,1580 292,1583 293,1587 312,1586 326,1579 334,1579 341,1584 380,1584 387,1578 396,1578 404,1584 430,1584 447,1583 457,1574 480,1577 488,1583 546,1583 558,1577 571,1577 580,1583 601,1583 613,1577 624,1577 632,1580 635,1586 644,1589 661,1585 963,1585 963,1631 873,1630 819,1633 806,1628 797,1635 787,1635 702,1630 617,1630 607,1625 582,1625 565,1629 533,1630 498,1626 492,1630 420,1630 411,1633 403,1626 387,1626 377,1635 365,1636 359,1634 356,1624 344,1624 336,1630 329,1631 298,1628 292,1631 267,1631 252,1628 245,1632 217,1629 211,1632 184,1632 180,1629 166,1628 161,1632 141,1632"/>
        <Word id="region0007_line0003_word0000" custom="readingOrder {index:0;}">
          <Coords points="150,1584 150,1623 309,1623 309,1586 293,1587 292,1584 277,1584 275,1589 267,1593 253,1587 237,1587 235,1584 216,1584 214,1589 205,1591 196,1590 192,1584"/>
          <TextEquiv conf="0.88007617">
            <Unicode>Holmiæ</Unicode>
          </TextEquiv>
        </Word>
        <Word id="region0007_line0003_word0001" custom="readingOrder {index:1;}">
          <Coords points="328,1581 328,1629 337,1629 344,1624 356,1624 357,1629 383,1629 387,1626 403,1626 406,1629 417,1629 417,1584 404,1584 400,1581 383,1581 380,1584 341,1584 336,1581"/>
          <TextEquiv conf="0.88265395">
            <Unicode>legi,</Unicode>
          </TextEquiv>
        </Word>
        <Word id="region0007_line0003_word0002" custom="readingOrder {index:2;}">
          <Coords points="453,1577 447,1583 444,1583 444,1623 589,1623 589,1583 580,1583 571,1577 558,1577 546,1583 488,1583 480,1577"/>
          <TextEquiv conf="0.9174297">
            <Unicode>diverſo</Unicode>
          </TextEquiv>
        </Word>
        <Word id="region0007_line0003_word0003" custom="readingOrder {index:3;}">
          <Coords points="605,1583 605,1625 607,1625 800,1625 800,1585 661,1585 644,1589 635,1586 633,1583"/>
          <TextEquiv conf="0.86456186">
            <Unicode>ſermone,</Unicode>
          </TextEquiv>
        </Word>
        <Word id="word_1658302570233_2296" custom="readingOrder {index:4;}">
          <Coords points="827,1593 963,1593 963,1621 827,1621"/>
          <TextEquiv conf="0.9129037">
            <Unicode>nume-</Unicode>
          </TextEquiv>
        </Word>
        <TextEquiv conf="0.8915251">
          <Unicode>Holmiæ legi, diverſo ſermone, nume-</Unicode>
        </TextEquiv>
      </TextLine>
      <TextLine id="line_1658302570234_2298" custom="readingOrder {index:8;}">
        <Coords points="166,1629 174,1629 185,1634 209,1634 225,1630 233,1634 244,1634 252,1629 260,1629 269,1634 289,1634 298,1629 305,1629 317,1635 335,1634 344,1625 356,1625 358,1634 365,1637 377,1636 387,1627 403,1627 411,1634 491,1632 498,1627 508,1627 515,1631 557,1631 582,1626 607,1626 618,1632 629,1633 797,1636 802,1630 810,1629 820,1635 963,1635 963,1679 930,1679 915,1676 909,1680 792,1681 754,1680 734,1676 726,1678 720,1686 712,1687 704,1685 703,1679 696,1675 689,1675 682,1684 676,1684 669,1681 626,1679 623,1676 586,1675 579,1678 538,1677 536,1682 527,1685 512,1683 507,1678 473,1678 438,1679 431,1684 410,1686 398,1679 378,1679 371,1673 360,1673 354,1680 340,1678 334,1674 323,1674 305,1681 267,1680 260,1674 255,1674 245,1681 245,1684 233,1688 220,1687 215,1680 141,1681 141,1633 161,1633"/>
        <Word id="region0007_line0004_word0000" custom="readingOrder {index:0;}">
          <Coords points="147,1634 178,1634 178,1674 147,1674"/>
          <TextEquiv conf="0.90391594">
            <Unicode>ri</Unicode>
          </TextEquiv>
        </Word>
        <Word id="region0007_line0004_word0001" custom="readingOrder {index:1;}">
          <Coords points="325,1636 190,1636 190,1680 215,1680 219,1686 239,1686 245,1684 245,1681 255,1674 260,1674 267,1680 305,1681 323,1674 325,1674"/>
          <TextEquiv conf="0.90391594">
            <Unicode>ciphris</Unicode>
          </TextEquiv>
        </Word>
        <Word id="region0007_line0004_word0002" custom="readingOrder {index:2;}">
          <Coords points="342,1627 342,1678 354,1680 360,1673 371,1673 378,1679 398,1679 410,1686 431,1684 438,1679 473,1678 507,1678 510,1681 510,1628 508,1627 498,1627 491,1632 411,1634 403,1627 387,1627 377,1636 365,1637 358,1634 356,1627"/>
          <TextEquiv conf="0.9033434">
            <Unicode>deſignati</Unicode>
          </TextEquiv>
        </Word>
        <Word id="region0007_line0004_word0003" custom="readingOrder {index:3;}">
          <Coords points="684,1635 531,1635 531,1683 536,1682 538,1677 579,1678 586,1675 623,1676 626,1679 669,1681 676,1684 682,1684 684,1681"/>
          <TextEquiv>
            <Unicode>poſſunt,</Unicode>
          </TextEquiv>
        </Word>
        <Word id="word_1658303017228_2617" custom="readingOrder {index:4;}">
          <Coords points="694,1634 797,1636 799,1633 816,1633 820,1635 880,1635 880,1680 792,1681 754,1680 734,1676 726,1678 723,1682 703,1682 703,1679 696,1675 694,1675"/>
          <TextEquiv>
            <Unicode>quoniam</Unicode>
          </TextEquiv>
        </Word>
        <Word id="word_1658303017228_2616" custom="readingOrder {index:5;}">
          <Coords points="880,1635 963,1635 963,1679 930,1679 915,1676 909,1680 880,1680"/>
          <TextEquiv>
            <Unicode>non</Unicode>
          </TextEquiv>
        </Word>
        <TextEquiv>
          <Unicode>ri ciphris deſignati poſſunt, quoniam non</Unicode>
        </TextEquiv>
      </TextLine>
      <TextLine id="line_1658302570235_2302" custom="readingOrder {index:9;}">
        <Coords points="141,1684 216,1685 220,1688 233,1689 246,1685 255,1675 262,1676 268,1685 282,1685 307,1682 323,1675 334,1675 342,1680 354,1681 360,1674 371,1674 378,1680 398,1681 410,1687 443,1682 509,1682 527,1686 537,1682 578,1680 586,1676 623,1677 626,1680 682,1685 689,1676 696,1676 702,1679 704,1686 712,1688 720,1687 726,1679 734,1677 751,1679 755,1685 797,1685 908,1683 915,1677 924,1677 932,1683 963,1683 963,1728 951,1727 947,1730 916,1730 910,1726 899,1725 884,1729 813,1731 786,1727 772,1736 754,1739 742,1732 590,1729 584,1724 561,1727 500,1723 472,1729 412,1728 402,1723 392,1723 377,1728 335,1729 331,1726 319,1726 313,1730 287,1730 278,1733 268,1730 177,1729 155,1725 145,1725 141,1728"/>
        <Word id="region0007_line0005_word0000" custom="readingOrder {index:0;}">
          <Coords points="250,1680 246,1685 233,1689 220,1688 216,1685 148,1684 148,1725 155,1725 171,1728 285,1728 285,1684 282,1685 268,1685 264,1680"/>
          <TextEquiv conf="0.9258793">
            <Unicode>voces,</Unicode>
          </TextEquiv>
        </Word>
        <Word id="region0007_line0005_word0001" custom="readingOrder {index:1;}">
          <Coords points="312,1680 311,1680 311,1725 371,1725 371,1680 355,1680 354,1681 342,1680"/>
          <TextEquiv conf="0.9078503">
            <Unicode>ſed</Unicode>
          </TextEquiv>
        </Word>
        <Word id="region0007_line0005_word0002" custom="readingOrder {index:2;}">
          <Coords points="569,1725 569,1695 388,1695 388,1724 392,1723 402,1723 406,1725 490,1725 500,1723 530,1725"/>
          <TextEquiv conf="0.90577006">
            <Unicode>numeros</Unicode>
          </TextEquiv>
        </Word>
        <Word id="region0007_line0005_word0003" custom="readingOrder {index:3;}">
          <Coords points="586,1685 655,1685 655,1724 586,1724"/>
          <TextEquiv conf="0.6437567">
            <Unicode>illæ</Unicode>
          </TextEquiv>
        </Word>
        <Word id="region0007_line0005_word0004" custom="readingOrder {index:4;}">
          <Coords points="685,1680 682,1685 674,1684 674,1730 742,1732 745,1734 775,1734 786,1727 813,1731 884,1729 888,1727 888,1683 797,1685 755,1685 751,1680 725,1680 720,1687 712,1688 704,1686 702,1680"/>
          <TextEquiv conf="0.79917634">
            <Unicode>deſignant:</Unicode>
          </TextEquiv>
        </Word>
        <Word id="word_1658302570235_2304" custom="readingOrder {index:5;}">
          <Coords points="915,1683 963,1683 963,1724 915,1724"/>
          <TextEquiv>
            <Unicode>ita</Unicode>
          </TextEquiv>
        </Word>
        <TextEquiv>
          <Unicode>voces, ſed numeros illæ deſignant: ita</Unicode>
        </TextEquiv>
      </TextLine>
      <TextLine id="line_1658302570236_2306" custom="readingOrder {index:10;}">
        <Coords points="145,1726 163,1727 170,1733 278,1734 312,1732 319,1727 331,1727 336,1732 384,1730 392,1724 402,1724 409,1730 425,1731 477,1730 500,1724 527,1729 565,1730 571,1725 584,1725 593,1731 744,1735 754,1740 772,1737 786,1728 796,1729 801,1734 840,1734 882,1731 893,1726 910,1727 923,1732 946,1732 951,1728 963,1728 963,1778 951,1778 945,1775 832,1775 815,1779 759,1779 731,1774 724,1779 676,1779 610,1778 605,1775 547,1777 533,1776 527,1772 514,1772 508,1777 453,1772 443,1777 388,1777 376,1772 359,1772 355,1776 312,1778 302,1770 293,1779 278,1779 270,1783 256,1779 194,1777 189,1773 175,1773 168,1778 157,1776 146,1784 141,1782 141,1729"/>
        <Word id="region0007_line0006_word0000" custom="readingOrder {index:0;}">
          <Coords points="149,1731 149,1779 152,1779 157,1776 168,1778 175,1773 188,1773 188,1733 170,1733 167,1731"/>
          <TextEquiv conf="0.70675933">
            <Unicode>in</Unicode>
          </TextEquiv>
        </Word>
        <Word id="region0007_line0006_word0001" custom="readingOrder {index:1;}">
          <Coords points="348,1733 295,1733 278,1734 217,1733 217,1777 256,1779 278,1779 293,1779 302,1770 312,1778 348,1776"/>
          <TextEquiv conf="0.59451693">
            <Unicode>ceteris</Unicode>
          </TextEquiv>
        </Word>
        <Word id="region0007_line0006_word0002" custom="readingOrder {index:2;}">
          <Coords points="384,1730 370,1730 370,1772 376,1772 453,1772 514,1772 527,1772 644,1772 644,1732 593,1731 591,1730 565,1730 477,1730 425,1731 409,1730"/>
          <TextEquiv conf="0.6839708">
            <Unicode>characteribus</Unicode>
          </TextEquiv>
        </Word>
        <Word id="region0007_line0006_word0003" custom="readingOrder {index:3;}">
          <Coords points="779,1732 772,1737 754,1740 744,1735 674,1733 674,1773 853,1773 853,1733 840,1734 801,1734 799,1732"/>
          <TextEquiv conf="0.841319">
            <Unicode>omnibus</Unicode>
          </TextEquiv>
        </Word>
        <Word id="word_1658302570236_2308" custom="readingOrder {index:4;}">
          <Coords points="886,1733 963,1733 963,1771 886,1771"/>
          <TextEquiv conf="0.841319">
            <Unicode>fieri</Unicode>
          </TextEquiv>
        </Word>
        <TextEquiv conf="0.733577">
          <Unicode>in ceteris characteribus omnibus fieri</Unicode>
        </TextEquiv>
      </TextLine>
      <TextLine id="line_1658302570237_2310" custom="readingOrder {index:11;}">
        <Coords points="175,1774 189,1774 195,1782 258,1781 270,1784 276,1781 292,1781 302,1771 313,1780 355,1777 359,1773 376,1773 388,1778 443,1778 453,1773 468,1773 477,1779 508,1779 514,1773 527,1773 534,1779 588,1781 593,1776 605,1776 611,1782 662,1783 723,1783 731,1775 740,1775 767,1784 824,1782 832,1776 855,1776 861,1782 902,1782 907,1776 945,1776 954,1782 963,1782 963,1825 944,1823 934,1824 929,1828 887,1830 878,1834 859,1836 847,1831 808,1830 802,1827 774,1832 712,1829 696,1832 694,1829 443,1827 422,1826 418,1823 384,1825 378,1821 354,1819 347,1825 282,1828 277,1833 266,1836 257,1833 256,1827 249,1822 238,1823 231,1829 141,1829 141,1783 146,1785 157,1777 168,1779"/>
        <Word id="region0007_line0007_word0000" custom="readingOrder {index:0;}">
          <Coords points="155,1778 149,1782 149,1822 249,1822 252,1822 252,1781 195,1782 192,1778 169,1778 168,1779 162,1778"/>
          <TextEquiv conf="0.90344834">
            <Unicode>idem</Unicode>
          </TextEquiv>
        </Word>
        <Word id="region0007_line0007_word0001" custom="readingOrder {index:1;}">
          <Coords points="299,1774 292,1781 276,1781 270,1784 262,1782 262,1833 277,1833 282,1828 347,1825 354,1819 378,1821 384,1825 406,1823 406,1778 388,1778 378,1774 358,1774 355,1777 313,1780 305,1774"/>
          <TextEquiv>
            <Unicode>poteſt,</Unicode>
          </TextEquiv>
        </Word>
        <Word id="region0007_line0007_word0002" custom="readingOrder {index:2;}">
          <Coords points="444,1783 469,1783 469,1824 444,1824"/>
          <TextEquiv conf="0.271754">
            <Unicode>ſi</Unicode>
          </TextEquiv>
        </Word>
        <Word id="region0007_line0007_word0003" custom="readingOrder {index:3;}">
          <Coords points="478,1781 586,1781 586,1822 478,1822"/>
          <TextEquiv conf="0.271754">
            <Unicode>rebus</Unicode>
          </TextEquiv>
        </Word>
        <Word id="region0007_line0007_word0004" custom="readingOrder {index:4;}">
          <Coords points="594,1779 594,1828 796,1828 802,1827 804,1828 817,1828 817,1782 767,1784 752,1779 727,1779 723,1783 662,1783 611,1782 608,1779"/>
          <TextEquiv conf="0.7142162">
            <Unicode>immediate</Unicode>
          </TextEquiv>
        </Word>
        <Word id="region0007_line0007_word0005" custom="readingOrder {index:5;}">
          <Coords points="828,1782 828,1830 887,1830 929,1828 934,1824 944,1823 961,1825 961,1782 954,1782 902,1782 861,1782"/>
          <TextEquiv conf="0.7819072">
            <Unicode>ſignifi-</Unicode>
          </TextEquiv>
        </Word>
        <TextEquiv>
          <Unicode>idem poteſt, ſi rebus immediate ſignifi-</Unicode>
        </TextEquiv>
      </TextLine>
      <TextLine id="line_1658302570237_2312" custom="readingOrder {index:12;}">
        <Coords points="141,1831 232,1832 238,1824 249,1823 255,1827 257,1834 266,1837 280,1832 347,1828 354,1820 378,1822 385,1828 418,1824 423,1829 645,1829 686,1836 712,1830 717,1836 732,1836 786,1833 793,1828 802,1828 810,1833 850,1833 862,1837 881,1833 928,1833 934,1825 946,1824 963,1827 963,1878 887,1876 881,1873 829,1878 753,1878 725,1874 651,1877 636,1874 629,1878 601,1871 558,1875 530,1871 498,1872 494,1875 273,1873 252,1878 198,1878 185,1873 170,1873 166,1876 141,1875"/>
        <Word id="region0007_line0008_word0000" custom="readingOrder {index:0;}">
          <Coords points="238,1824 232,1832 151,1831 151,1868 283,1868 283,1831 280,1832 266,1837 257,1834 255,1827 250,1824"/>
          <TextEquiv conf="0.8943553">
            <Unicode>candis</Unicode>
          </TextEquiv>
        </Word>
        <Word id="region0007_line0008_word0001" custom="readingOrder {index:1;}">
          <Coords points="350,1824 347,1828 321,1829 321,1867 575,1867 575,1829 423,1829 418,1824 385,1828 380,1824"/>
          <TextEquiv conf="0.81941694">
            <Unicode>adhibeantur.</Unicode>
          </TextEquiv>
        </Word>
        <Word id="region0007_line0008_word0002" custom="readingOrder {index:2;} textStyle {offset:0; length:6;italic:true; fontSize:0.0; kerning:0;}">
          <Coords points="626,1832 626,1866 740,1866 740,1835 732,1836 717,1836 713,1832 703,1832 686,1836 662,1832"/>
          <TextEquiv conf="0.027636338">
            <Unicode>Reales</Unicode>
          </TextEquiv>
        </Word>
        <Word id="region0007_line0008_word0003" custom="readingOrder {index:3;}">
          <Coords points="934,1825 928,1833 881,1833 862,1837 850,1833 810,1833 802,1828 793,1828 786,1833 771,1833 771,1870 962,1870 962,1827 950,1825"/>
          <TextEquiv conf="0.63362753">
            <Unicode>ejusmodi</Unicode>
          </TextEquiv>
        </Word>
        <TextEquiv conf="0.59375906">
          <Unicode>candis adhibeantur. Reales ejusmodi</Unicode>
        </TextEquiv>
      </TextLine>
      <TextLine id="line_1658302570239_2314" custom="readingOrder {index:13;}">
        <Coords points="170,1874 185,1874 190,1877 191,1884 230,1885 246,1884 254,1877 273,1874 287,1875 290,1882 317,1882 352,1879 493,1878 498,1873 516,1872 530,1872 541,1879 584,1880 587,1873 601,1872 606,1875 618,1875 626,1881 636,1875 645,1875 653,1879 676,1878 681,1875 725,1875 737,1880 771,1883 785,1883 789,1877 806,1878 808,1883 865,1882 869,1875 881,1874 887,1877 888,1882 943,1884 963,1887 963,1925 827,1927 811,1924 806,1927 779,1927 772,1923 760,1923 754,1928 711,1928 643,1927 636,1923 556,1926 530,1921 518,1925 409,1925 402,1922 354,1923 348,1918 343,1918 330,1920 328,1923 311,1920 290,1924 232,1924 226,1919 219,1919 208,1924 159,1927 141,1925 141,1884 165,1884 166,1877"/>
        <Word id="region0007_line0009_word0000" custom="readingOrder {index:0;} textStyle {offset:0; length:11;italic:true; fontSize:0.0; kerning:0;}">
          <Coords points="165,1879 165,1884 151,1884 151,1919 219,1919 226,1919 336,1919 343,1918 347,1918 347,1879 317,1882 290,1882 288,1879 251,1879 246,1884 230,1885 191,1884 190,1879"/>
          <TextEquiv conf="0.7053411">
            <Unicode>characteres</Unicode>
          </TextEquiv>
        </Word>
        <Word id="region0007_line0009_word0001" custom="readingOrder {index:1;}">
          <Coords points="356,1889 494,1889 494,1918 356,1918"/>
          <TextEquiv conf="0.89252573">
            <Unicode>vocant</Unicode>
          </TextEquiv>
        </Word>
        <Word id="region0007_line0009_word0002" custom="readingOrder {index:2;}">
          <Coords points="502,1877 502,1921 530,1921 665,1921 665,1878 653,1879 649,1877 632,1877 626,1881 620,1877 585,1877 584,1880 541,1879 537,1877"/>
          <TextEquiv>
            <Unicode>Eruditi:</Unicode>
          </TextEquiv>
        </Word>
        <Word id="region0007_line0009_word0003" custom="readingOrder {index:3;}">
          <Coords points="679,1878 679,1918 900,1918 900,1882 888,1882 887,1878 867,1878 865,1882 808,1883 806,1878 788,1878 785,1883 771,1883 737,1880 732,1878"/>
          <TextEquiv conf="0.8361156">
            <Unicode>Memineris</Unicode>
          </TextEquiv>
        </Word>
        <Word id="word_1658302570240_2316" custom="readingOrder {index:4;}">
          <Coords points="911,1890 963,1890 963,1917 911,1917"/>
          <TextEquiv conf="0.76993704">
            <Unicode>ta-</Unicode>
          </TextEquiv>
        </Word>
        <TextEquiv>
          <Unicode>characteres vocant Eruditi: Memineris ta-</Unicode>
        </TextEquiv>
      </TextLine>
      <TextLine id="line_1658302570242_2322" custom="readingOrder {index:14;}">
        <Coords points="226,1920 232,1925 233,1930 270,1931 304,1928 306,1923 311,1921 328,1924 330,1921 343,1919 350,1920 355,1927 372,1928 384,1935 388,1934 389,1926 394,1923 406,1924 410,1926 411,1934 428,1933 433,1942 438,1933 444,1933 446,1926 451,1924 476,1925 482,1933 488,1933 492,1926 496,1925 509,1926 514,1931 517,1926 530,1922 547,1924 552,1930 593,1930 600,1924 636,1924 645,1931 737,1932 753,1932 760,1924 775,1925 780,1932 804,1932 811,1925 824,1926 829,1932 886,1932 901,1931 906,1927 937,1925 945,1931 963,1931 963,1978 882,1977 847,1984 837,1979 777,1977 770,1973 748,1974 743,1977 679,1974 672,1977 596,1977 591,1973 581,1972 568,1981 549,1982 538,1978 507,1975 440,1973 431,1964 419,1970 399,1974 316,1973 305,1976 266,1976 261,1980 257,1980 248,1972 236,1972 226,1976 189,1976 184,1971 141,1973 141,1930 210,1930 212,1923"/>
        <Baseline points="432,1965 963,1967"/>
        <Word id="region0007_line0010_word0000" custom="readingOrder {index:0;}">
          <Coords points="211,1924 210,1930 151,1930 151,1972 162,1972 184,1971 185,1972 236,1972 248,1972 263,1972 263,1930 233,1930 232,1925 230,1924"/>
          <TextEquiv conf="0.64160484">
            <Unicode>men,</Unicode>
          </TextEquiv>
        </Word>
        <Word id="region0007_line0010_word0001" custom="readingOrder {index:1;}">
          <Coords points="310,1925 351,1925 351,1968 310,1968"/>
          <TextEquiv conf="0.64160484">
            <Unicode>id</Unicode>
          </TextEquiv>
        </Word>
        <Word id="region0007_line0010_word0002" custom="readingOrder {index:2;} textStyle {offset:0; length:7;italic:true; fontSize:0.0; kerning:0;}">
          <Coords points="388,1931 388,1934 384,1935 379,1932 379,1967 425,1967 431,1964 434,1967 505,1967 505,1931 489,1931 488,1933 482,1933 480,1931 444,1931 444,1933 438,1933 433,1942 428,1933 411,1934 410,1931"/>
          <TextEquiv>
            <Unicode>duplici</Unicode>
          </TextEquiv>
        </Word>
        <Word id="region0007_line0010_word0003" custom="readingOrder {index:3;}">
          <Coords points="520,1926 520,1976 527,1977 573,1977 581,1972 591,1973 596,1977 672,1977 679,1974 726,1976 726,1931 645,1931 638,1926 597,1926 593,1930 552,1930 548,1926"/>
          <TextEquiv conf="0.91243804">
            <Unicode>ſignificatu</Unicode>
          </TextEquiv>
        </Word>
        <Word id="region0007_line0010_word0004" custom="readingOrder {index:4;}">
          <Coords points="758,1926 753,1932 748,1932 748,1969 822,1969 822,1926 810,1926 804,1932 780,1932 775,1926"/>
          <TextEquiv conf="0.9236792">
            <Unicode>dici</Unicode>
          </TextEquiv>
        </Word>
        <Word id="region0007_line0010_word0005" custom="readingOrder {index:5;}">
          <Coords points="903,1929 901,1931 886,1932 846,1932 846,1977 882,1977 962,1977 962,1931 945,1931 942,1929"/>
          <TextEquiv>
            <Unicode>poſſe.</Unicode>
          </TextEquiv>
        </Word>
        <TextEquiv>
          <Unicode>men, id duplici ſignificatu dici poſſe.</Unicode>
        </TextEquiv>
      </TextLine>
      <TextLine id="line_1658302570240_2318" custom="readingOrder {index:15;}">
        <Coords points="141,1974 184,1972 192,1979 223,1981 232,1974 248,1973 257,1981 310,1982 311,1977 316,1974 328,1974 333,1976 335,1982 345,1983 403,1977 427,1965 431,1965 441,1977 527,1979 549,1983 568,1982 578,1974 586,1973 597,1979 641,1981 669,1980 679,1975 742,1980 748,1975 770,1974 778,1980 838,1981 847,1985 860,1982 963,1983 963,2026 912,2026 911,2033 896,2036 887,2033 887,2025 876,2017 870,2017 861,2025 789,2028 504,2025 502,2032 495,2038 480,2037 473,2028 454,2028 449,2032 438,2032 433,2028 378,2025 299,2025 245,2029 141,2028"/>
        <Baseline points="426,1965 431,1965"/>
        <Word id="region0007_line0011_word0000" custom="readingOrder {index:0;}">
          <Coords points="150,2018 284,2018 284,1981 257,1981 248,1973 232,1974 223,1981 192,1979 184,1972 150,1973"/>
          <TextEquiv conf="0.9013216">
            <Unicode>Senſus</Unicode>
          </TextEquiv>
        </Word>
        <Word id="region0007_line0011_word0001" custom="readingOrder {index:1;} textStyle {offset:0; length:5;italic:true; fontSize:0.0; kerning:0;}">
          <Coords points="310,1978 310,1982 292,1981 292,2016 377,2016 377,1979 345,1983 335,1982 333,1978"/>
          <TextEquiv conf="0.89474344">
            <Unicode>alter</Unicode>
          </TextEquiv>
        </Word>
        <Word id="region0007_line0011_word0002" custom="readingOrder {index:2;}">
          <Coords points="427,1965 403,1977 384,1978 384,2021 452,2021 452,1977 441,1977 431,1965"/>
          <TextEquiv conf="0.8644104">
            <Unicode>eſt,</Unicode>
          </TextEquiv>
        </Word>
        <Word id="region0007_line0011_word0003" custom="readingOrder {index:3;}">
          <Coords points="549,1986 469,1986 469,2027 503,2027 504,2025 549,2025"/>
          <TextEquiv conf="0.63282686">
            <Unicode>quo</Unicode>
          </TextEquiv>
        </Word>
        <Word id="region0007_line0011_word0004" custom="readingOrder {index:4;}">
          <Coords points="557,2016 829,2016 829,1980 778,1980 770,1974 748,1975 742,1980 679,1975 669,1980 641,1981 597,1979 586,1973 578,1974 568,1982 557,1982"/>
          <TextEquiv conf="0.63282686">
            <Unicode>characteribus</Unicode>
          </TextEquiv>
        </Word>
        <Word id="word_1658302570241_2320" custom="readingOrder {index:5;}">
          <Coords points="840,1987 963,1987 963,2026 887,2026 887,2025 876,2017 870,2017 861,2025 840,2025"/>
          <TextEquiv conf="0.39271325">
            <Unicode>oppo-</Unicode>
          </TextEquiv>
        </Word>
        <TextEquiv conf="0.7198071">
          <Unicode>Senſus alter eſt, quo characteribus oppo-</Unicode>
        </TextEquiv>
      </TextLine>
      <TextEquiv>
        <Unicode>Nobis hoc loco illud potius adjungere&#13;
placet: Recteillos, qui characteres Si-&#13;
loco nicos exiſtimaverint adhiberi poſſe&#13;
ſcriptura univerſalis; Ceſſat enim hic in-&#13;
commodum particulariſmi; quod ante&#13;
allegavimus §. 20. Quemadmodum&#13;
Ulyſſipone non minus, quam Viennæ &amp;&#13;
Holmiæ legi, diverſo ſermone, nume-&#13;
ri ciphris deſignati poſſunt, quoniam non&#13;
voces, ſed numeros illæ deſignant: ita&#13;
in ceteris characteribus omnibus fieri&#13;
idem poteſt, ſi rebus immediate ſignifi-&#13;
candis adhibeantur. Reales ejusmodi&#13;
characteres vocant Eruditi: Memineris ta-&#13;
men, id duplici ſignificatu dici poſſe.&#13;
Senſus alter eſt, quo characteribus oppo-</Unicode>
      </TextEquiv>
    </TextRegion>
    <TextRegion orientation="-0.030530926" type="marginalia" readingDirection="left-to-right" id="TextRegion_1658302570195_2286" custom="readingOrder {index:3;} structure {type:marginalia;}">
      <Coords points="963,1190 1126,1190 1126,1453 971,2078 963,2078"/>
      <TextLine id="line_1658302570244_2327" custom="readingOrder {index:0;}">
        <Coords points="963,1238 1009,1239 1015,1234 1080,1234 1097,1236 1106,1242 1112,1236 1122,1236 1125,1238 1125,1284 1114,1284 1107,1280 1097,1280 1090,1284 1008,1283 995,1287 963,1285"/>
        <Baseline points="963,1275 1125,1275"/>
        <Word id="word_1658303197934_2709" custom="readingOrder {index:0;}">
          <Coords points="964,1239 1045,1239 1045,1278 964,1278"/>
          <TextEquiv>
            <Unicode>Quid</Unicode>
          </TextEquiv>
        </Word>
        <Word id="word_1658303197933_2708" custom="readingOrder {index:1;}">
          <Coords points="1045,1239 1101,1239 1106,1242 1109,1239 1122,1239 1122,1278 1045,1278"/>
          <TextEquiv>
            <Unicode>Cha-</Unicode>
          </TextEquiv>
        </Word>
        <TextEquiv>
          <Unicode>Quid Cha-</Unicode>
        </TextEquiv>
      </TextLine>
      <TextLine id="line_1658302570245_2329" custom="readingOrder {index:1;}">
        <Coords points="963,1286 994,1288 1008,1284 1089,1287 1097,1281 1107,1281 1115,1287 1125,1287 1125,1326 1077,1326 1059,1321 1022,1319 1009,1324 963,1326"/>
        <Word id="region0005_line0003_word0005" custom="readingOrder {index:0;}">
          <Coords points="1046,1285 1008,1284 994,1288 966,1286 966,1326 1009,1324 1022,1319 1046,1320"/>
          <TextEquiv conf="0.9016996">
            <Unicode>racter</Unicode>
          </TextEquiv>
        </Word>
        <Word id="region0005_line0003_word0006" custom="readingOrder {index:1;}">
          <Coords points="1122,1323 1122,1291 1060,1291 1060,1321 1066,1323"/>
          <TextEquiv conf="0.9083829">
            <Unicode>uni-</Unicode>
          </TextEquiv>
        </Word>
        <TextEquiv conf="0.843157">
          <Unicode>racter uni-</Unicode>
        </TextEquiv>
      </TextLine>
      <TextLine id="line_1658302570245_2331" custom="readingOrder {index:2;}">
        <Coords points="963,1328 1007,1326 1022,1320 1059,1322 1068,1327 1125,1329 1125,1365 1089,1365 1085,1368 1075,1368 1070,1365 1011,1362 975,1372 963,1373"/>
        <Word id="word_1658302570246_2333" custom="readingOrder {index:0;}">
          <Coords points="963,1329 1085,1329 1085,1368 1075,1368 1070,1365 1011,1362 975,1372 966,1373 963,1373"/>
          <TextEquiv>
            <Unicode>verſalis,</Unicode>
          </TextEquiv>
        </Word>
        <TextEquiv>
          <Unicode>verſalis,</Unicode>
        </TextEquiv>
      </TextLine>
      <TextLine id="line_1658303235401_2749" custom="readingOrder {index:3;}">
        <Coords points="963,1374 975,1373 986,1368 1003,1368 1011,1363 1033,1363 1040,1368 1050,1369 1125,1369 1125,1404 963,1404"/>
        <Word id="word_1658303239620_2752" custom="readingOrder {index:0;}">
          <Coords points="967,1374 1056,1374 1056,1398 967,1398"/>
          <TextEquiv>
            <Unicode>realis,</Unicode>
          </TextEquiv>
        </Word>
        <Word id="word_1658303241133_2755" custom="readingOrder {index:1;}">
          <Coords points="1067,1376 1122,1376 1122,1395 1067,1395"/>
          <TextEquiv>
            <Unicode>nu-</Unicode>
          </TextEquiv>
        </Word>
        <TextEquiv>
          <Unicode>realis, nu-</Unicode>
        </TextEquiv>
      </TextLine>
      <TextLine id="line_1658303235401_2748" custom="readingOrder {index:4;}">
        <Coords points="963,1404 1125,1404 1125,1451 1025,1453 1001,1449 963,1448"/>
        <Word id="word_1658303243140_2758" custom="readingOrder {index:0;}">
          <Coords points="967,1405 1003,1405 1003,1441 967,1441"/>
          <TextEquiv>
            <Unicode>dè</Unicode>
          </TextEquiv>
        </Word>
        <Word id="word_1658303245006_2761" custom="readingOrder {index:1;}">
          <Coords points="1014,1407 1119,1407 1119,1444 1014,1444"/>
          <TextEquiv>
            <Unicode>ſignifi-</Unicode>
          </TextEquiv>
        </Word>
        <TextEquiv>
          <Unicode>dè ſignifi-</Unicode>
        </TextEquiv>
      </TextLine>
      <TextLine id="line_1658302570247_2337" custom="readingOrder {index:5;}">
        <Coords points="963,1436 979,1437 984,1442 985,1452 1003,1451 1010,1442 1023,1443 1027,1451 1091,1451 1091,1490 963,1490"/>
        <Word id="region0006_line0001_word0004" custom="readingOrder {index:0;}">
          <Coords points="972,1441 972,1474 1088,1474 1088,1451 1027,1451 1023,1443 1010,1442 1003,1451 985,1452 984,1442 983,1441"/>
          <TextEquiv>
            <Unicode>cativus?</Unicode>
          </TextEquiv>
        </Word>
        <TextEquiv>
          <Unicode>cativus?</Unicode>
        </TextEquiv>
      </TextLine>
      <TextEquiv>
        <Unicode>Quid Cha-&#13;
placet: Recteillos, qui characteres si- racter uni-&#13;
verſalis,&#13;
realis, nu-&#13;
dè ſignifi-&#13;
cativus?</Unicode>
      </TextEquiv>
    </TextRegion>
  </Page>
</PcGts>