1530 2263
460 341 549 368 cum
565 326 628 366 hic
644 326 680 364 ſe
698 320 831 364 offerat
845 314 1000 362 occaſio,
1028 314 1067 352 in
1089 305 1361 352 dubitationem

459 377 623 419 vocandi
652 374 870 425 opinionem
893 362 1093 417 quamdam
1115 359 1365 411 popularem;

460 439 573 479 atque
593 427 667 477 ipſa
683 435 742 463 res
759 421 936 473 poſtulet,
976 428 1018 455 vt
1047 414 1169 466 paullo
1189 409 1292 452 aliter
1309 419 1363 447 ra-

462 484 588 521 tiones
609 474 874 518 ſubducantur:
913 468 1055 509 ſeruato
1070 462 1149 513 ipſo
1168 467 1367 512 argumen-

460 541 591 571 torum
606 529 763 577 genere,
796 520 899 569 quod
919 516 1128 559 adhibitum
1155 513 1205 552 eſt
1230 525 1249 550 a
1273 507 1367 548 ſum-

463 594 531 621 mo
550 579 647 618 viro,
672 572 829 615 candide
852 566 1139 620 diſputabimus,
1165 571 1259 610 quae
1276 568 1367 596 con-

462 634 634 673 ſentanea
652 626 733 666 ſunt
750 622 894 662 veritati
916 617 1000 669 ipſi;
1037 626 1076 653 et
1093 622 1251 664 quanam
1271 611 1309 647 in
1327 618 1370 647 re

463 682 663 725 ſentiamus
690 673 856 722 diverſa,
899 670 993 710 ſalua
1017 668 1152 717 pietate
1167 665 1204 704 in
1226 670 1369 701 tantum

467 734 613 772 virum,
644 727 748 761 cuius
766 730 906 759 nomen
931 714 1043 755 nobis
1076 714 1186 751 etiam
1213 708 1263 751 eſt
1288 702 1374 756 poſt

466 787 632 818 mortem
651 771 876 812 venerabile,
909 759 1048 807 adiecta
1067 757 1304 804 disſentiendi
1323 768 1376 795 ra-

468 835 575 872 tione
593 829 686 867 infra
709 824 931 864 notabimus.
985 818 1086 857 Cum
1111 814 1157 853 ad
1173 810 1376 864 imperium

469 880 631 921 venisſet
668 871 854 916 SEVERVS,
881 867 1111 918 videretque
1136 868 1378 901 PESCENNIVM

469 938 630 986 NIGRVM
630 926 683 979 in
705 920 804 979 Syria
833 921 963 971 copias
986 910 1141 967 parare,
1184 908 1319 962 quibus
1342 909 1380 948 ſe

470 988 540 1031 ſibi
573 978 802 1034 opponeret,
845 985 1040 1025 primum,
1081 982 1127 1008 ne
1155 980 1200 1007 ex
1224 970 1381 1013 vtraque

473 1041 580 1083 parte
603 1033 856 1079 premeretur,
884 1030 1048 1059 ALBINVM
1063 1013 1263 1055 Britannici
1281 1019 1383 1049 exer-

473 1086 572 1123 citus
590 1082 723 1120 ducem
743 1074 840 1119 fecit,
867 1072 978 1122 eique
994 1079 1033 1109 et
1046 1070 1185 1107 numos
1202 1060 1383 1110 decreuit,

474 1145 516 1172 et
541 1133 608 1170 alia
635 1125 793 1168 honoris
819 1128 1074 1164 monumenta.
1124 1114 1303 1158 Poſthac,
1335 1108 1384 1147 le-

477 1186 543 1225 ƈto
571 1194 638 1222 per
662 1179 798 1217 Italiam
829 1173 945 1212 milite
982 1181 1020 1208 et
1047 1165 1159 1207 clasſe
1197 1168 1387 1206 exornata,

479 1227 607 1290 elapſo
626 1234 706 1275 fere
718 1227 843 1282 menſe
859 1226 972 1283 junio
985 1222 1032 1274 *)
1050 1220 1114 1272 A.
1138 1230 1269 1258 CXCIII.
1296 1225 1387 1253 con-

1332 1276 1388 1305 tra

524 1346 565 1387 *)
586 1341 739 1382 Namque
759 1331 938 1377 incipiente
955 1329 1053 1372 Junio
1079 1325 1119 1360 A.
1146 1332 1276 1358 CXCIII.
1323 1320 1390 1352 Ro-

588 1390 678 1413 mam
696 1385 849 1410 SEVERVS
866 1371 977 1409 venit;
998 1367 1087 1411 quod
1100 1372 1191 1409 patet
1206 1371 1295 1402 tum,
1313 1369 1390 1391 cum

590 1424 661 1457 dies
679 1414 784 1458 LXVI,
804 1425 885 1458 quos
900 1411 1041 1454 imperio
1056 1416 1161 1440 DIDII
1161 1412 1308 1437 IVLIANI
1325 1405 1388 1434 DIO

593 1467 674 1506 (lib.
695 1467 824 1494 LXXIII.
845 1469 872 1489 c.
891 1456 946 1487 vlt.
961 1465 994 1496 p.
1011 1451 1151 1490 1240.),
1178 1458 1233 1480 aut
1249 1450 1277 1480 II
1303 1452 1394 1477 men-

595 1505 646 1536 ſes
670 1511 709 1532 ac
733 1501 763 1532 5.
787 1496 873 1534 dies,
911 1501 991 1531 quos
1013 1489 1046 1522 ei
1071 1493 1305 1522 SPARTIANVS
1334 1482 1394 1521 (in

595 1542 731 1575 Iuliano.
752 1545 780 1566 c.
799 1536 854 1573 9.)
880 1530 1014 1571 tribuit,
1051 1519 1280 1565 numeremus,
1315 1518 1397 1551 inci-

597 1582 720 1615 piendo
747 1591 765 1611 a
786 1580 824 1613 V.
851 1574 984 1611 Calend.
1006 1570 1129 1614 Aprilis
1152 1566 1186 1601 h.
1206 1577 1233 1597 e.
1256 1572 1395 1595 XXVIII.

596 1619 731 1661 Martii,
765 1628 830 1658 quo
855 1615 909 1649 die
930 1610 1139 1650 interfectum
1166 1607 1234 1641 esſe
1256 1605 1398 1639 Pertina-

598 1670 672 1693 cem
690 1666 809 1689 IVLIVS
832 1658 1079 1686 CAPITOLINVS
1103 1646 1161 1687 (in
1179 1645 1245 1677 vita
1257 1642 1400 1676 Pertina-

600 1706 660 1735 cis.
678 1711 707 1733 c.
728 1700 801 1739 15.)
823 1695 936 1730 refert.
978 1691 1144 1735 Apparet,
1166 1685 1245 1719 inde
1262 1695 1327 1717 non
1341 1683 1402 1713 mi-

603 1750 681 1780 nus,
721 1744 881 1771 SEVERVM
897 1734 968 1766 fere
983 1734 1038 1764 die
1050 1729 1136 1761 Iunii
1152 1738 1181 1760 2.
1204 1723 1323 1757 ſummi
1341 1721 1403 1752 im-

607 1783 693 1814 perii
701 1782 829 1813 clauum
846 1772 1001 1814 ſumſisſe,
1024 1780 1066 1801 ex
1083 1778 1146 1809 quo
1167 1765 1222 1799 die
1240 1762 1405 1797 deducen-

608 1817 670 1860 dos
689 1821 780 1854 ſimul
803 1818 873 1851 esſe
890 1813 1098 1850 Tribunitiae
1109 1806 1276 1850 Poteſtatis
1294 1803 1406 1837 termi-

610 1871 671 1895 nos
695 1868 762 1891 non
783 1852 1014 1890 demonſtrabo
1038 1848 1207 1893 pluribus,
1249 1842 1405 1884 quoniam

611 1903 649 1935 id
673 1898 807 1944 quidem
826 1896 937 1930 facere
953 1889 1093 1926 memini
1115 1897 1148 1924 c.
1173 1895 1207 1917 6.
1231 1890 1408 1917 SCHWAR-
