2528 2859
1210 537 1252 567 v.
1260 537 1321 579 gr.
1336 524 1444 570 domi
1447 524 1766 587 paterfamilias,
1785 531 1829 575 in
1837 531 1953 576 curia
1950 530 2134 588 ſenator,
2144 533 2189 576 in
2187 531 2299 589 foro
2299 536 2374 590 ad-

1210 587 1388 633 vocatus,
1394 582 1437 624 in
1446 580 1539 627 aula
1551 580 1810 640 conſiliarius.
1826 590 1920 631 Nec
1930 587 2073 631 deſunt
2084 590 2272 645 exempla
2282 593 2374 636 illu-

1208 638 1401 685 ſtriſſima
1410 639 1549 685 adhuc
1567 640 1699 694 hodie,
1721 637 1926 705 eademque
1944 644 2083 688 ubivis
2093 647 2217 693 obvia
2226 647 2372 703 depre-

1209 690 1463 738 henduntur.
1475 697 1541 738 Sic
1562 694 1736 741 videmus
1762 699 2051 755 Imperatorem
2061 701 2374 753 Romanum,
2331 712 2375 762 ut

1209 753 1350 805 talem,
1360 754 1432 798 ſibi
1443 755 1515 810 ipſi
1526 763 1724 811 tanquam
1741 758 1998 803 Archi-Duci
2009 761 2184 805 Auſtriæ
2202 761 2373 812 manda-

1208 819 1268 854 re,
1290 816 1405 863 atque
1431 811 1694 865 Imperatoris
1710 814 1869 857 ſumma
1879 812 1972 868 jure
1989 817 2033 859 in
2050 817 2087 859 ſe
2103 816 2233 872 ipſum
2252 831 2372 863 exer-

1207 872 1316 907 cere.
1375 865 1454 908 Par
1467 864 1708 921 exemplum
1720 870 1764 910 in
1778 867 1929 913 eodem
1947 869 2204 926 Imperatore
2233 872 2371 918 obſer-

1205 929 1378 971 vamus,
1406 917 1510 963 dum
1533 921 1721 975 Legatos
1738 922 1789 967 ad
1804 926 2109 980 Imperatorem
2126 930 2372 973 Turcarum

1204 985 1295 1017 non
1304 985 1349 1015 ut
1358 978 1593 1031 Imperator
1599 969 1837 1031 Romanus,
1849 978 1923 1023 ſed
1936 991 2132 1038 tanquam
2145 984 2240 1027 Rex
2247 986 2371 1031 Hun-

1206 1033 1351 1084 gariæ,
1369 1038 1515 1080 mittere
1534 1036 1681 1082 ſolitus
1681 1037 1750 1083 eſt.
1807 1044 1853 1083 In
1865 1038 1973 1084 hiſce
1984 1042 2111 1096 igitur
2124 1039 2291 1086 duobus
2302 1056 2368 1088 ca-

1204 1089 1317 1132 ſibus
1335 1091 1570 1146 Imperator
1584 1092 1739 1139 Noſter
1755 1090 1964 1149 duplicem
1987 1095 2254 1153 repræſentat
2276 1109 2371 1153 per-

1206 1136 1353 1199 ſonam,
1375 1145 1502 1200 priori
1509 1137 1783 1203 Imperatoris
1792 1151 1832 1193 &
1855 1142 2135 1212 Archi-Ducis,
2151 1151 2371 1212 poſteriori

1204 1214 1310 1245 vero
1322 1200 1602 1257 Imperatoris
1618 1199 1641 1253 &
1652 1206 1795 1263 Regis,
1812 1216 1859 1248 ut
1867 1205 1985 1263 plura
1995 1209 2184 1264 exempla
2193 1219 2369 1265 taceam,

1204 1267 1299 1309 quæ
1309 1255 1530 1309 adferrem,
1535 1253 1563 1314 ſi
1566 1260 1735 1315 pagellæ
1746 1259 1810 1305 hæ
1820 1261 1883 1305 illa
1893 1272 2099 1319 caperent,
2108 1267 2368 1321 ſpatiumque

1202 1312 1421 1358 ſufficeret.
1479 1317 1585 1359 Satis
1601 1316 1776 1360 feliciter
1792 1318 1943 1371 igitur,
1961 1329 2008 1359 ut
2017 1322 2196 1375 propius
2215 1320 2260 1365 ad
2274 1323 2368 1366 ſco-

1202 1378 1309 1422 pum
1331 1367 1547 1421 accedam,
1567 1372 1754 1425 Quirites
1767 1372 2018 1420 vocabulum
2035 1375 2240 1435 perſonæ,
2259 1391 2282 1420 e
2297 1389 2369 1421 co-

1203 1422 1448 1467 mœdorum
1481 1425 1710 1470 luſionibus
1731 1432 1910 1473 mutuati
1932 1429 2011 1474 eſſe
2031 1430 2133 1477 mihi
2156 1432 2369 1482 videntur,

1204 1477 1277 1528 qui
1296 1484 1416 1529 prout
1438 1468 1535 1532 actus
1554 1479 1754 1523 ſcenaque
1764 1478 1923 1533 finitur,
1939 1479 2102 1526 diverſo
2114 1484 2366 1529 veſtimento

1204 1537 1393 1579 utuntur,
1410 1529 1547 1583 ſicque
1563 1544 1668 1573 mox
1681 1525 1869 1584 Regem,
1884 1545 1991 1575 mox
1999 1540 2126 1577 vilem
2138 1539 2366 1590 perſonam

1202 1586 1534 1636 repræſentando
1542 1590 1616 1635 ſibi
1629 1590 1825 1632 tribuunt
1838 1590 1939 1632 huic
1959 1583 2070 1644 quali
2084 1591 2196 1648 quali
2218 1592 2364 1642 officio

1201 1641 1459 1686 cohærentia
1466 1640 1575 1697 jura.
1588 1642 1683 1698 Qua
1694 1644 1819 1689 etiam
1829 1647 1993 1692 ratione
2004 1649 2145 1694 ſervus
2153 1649 2267 1704 apud
2267 1649 2364 1705 illas

1202 1708 1412 1750 απϱοσαπος
1429 1695 1640 1749 audiebat,
1657 1700 1752 1754 quia
1766 1699 1881 1746 nullo
1901 1700 2044 1749 habitu
2065 1704 2177 1750 civili
2190 1715 2278 1749 erat
2298 1710 2364 1752 in-

1202 1748 1342 1801 dutus,
1351 1764 1441 1795 non
1452 1761 1598 1809 caput,
1614 1751 1704 1797 non
1716 1747 1915 1802 familiam
1925 1758 2278 1815 agnationemque
2286 1759 2362 1807 ha-

1203 1809 1336 1864 bebat,
1351 1810 1419 1855 ſed
1428 1822 1602 1858 mortuo
1614 1811 1953 1870 aſſimilabatur.

1702 1945 1746 1987 §.
1803 1952 1850 1987 II.

1294 1987 1457 2025 Statum
1468 1988 1626 2025 naturæ
1635 1987 1676 2024 in
1686 1987 1864 2039 præſens
1874 1987 2014 2037 mitto,
2028 1982 2229 2032 hactenus
2238 1989 2357 2034 enim

1196 2032 1360 2089 prolata
1380 2047 1479 2081 eum
1491 2041 1538 2083 in
1558 2036 1687 2084 finem
1699 2042 1900 2099 præmiſi,
1924 2053 1967 2086 ut
1975 2043 2182 2089 concinna
2191 2049 2355 2092 ratione

1196 2089 1549 2148 demonſtrarem,
1578 2105 1666 2151 quo
1679 2097 1813 2143 modo
1835 2111 1888 2144 ex
1910 2101 2017 2146 ſtatu
2032 2101 2236 2156 primævo
2247 2105 2354 2156 juris

1196 2164 1357 2204 naturæ
1399 2156 1582 2216 præſens
1623 2159 1798 2216 civilis,
1825 2166 2030 2218 tanquam
2067 2155 2349 2221 adventitius,
