1619 2355
476 454 508 482 U.
523 464 545 481 c.
560 455 621 485 284.

473 493 497 511 a.
518 488 544 513 C.
559 489 620 521 468.

469 532 607 573 Accuſatur

489 575 598 613 Appius.

643 453 778 497 agraria,
801 467 868 493 tum
891 468 1017 505 propter
1032 464 1182 510 judicium
1200 470 1259 515 Ap.
1278 473 1420 511 Claudii:

641 506 714 546 cui,
736 513 886 545 acerrimo
911 514 1083 552 adverſario
1105 519 1203 564 legis,
1225 521 1415 569 cauſſamque

638 565 837 613 poſſeſſorum
849 569 965 613 publici
974 572 1060 616 agri,
1069 582 1221 621 tamquam
1231 582 1327 614 tertio
1342 593 1416 616 con-

639 627 724 669 ſuli,
748 631 930 673 ſuſtinenti,
949 637 995 669 M.
1019 638 1149 674 Duilius
1170 643 1204 676 &
1225 641 1262 677 C.
1280 645 1415 680 Sicinius

636 682 716 714 diem
730 682 842 717 dixere.
863 686 1034 731 Numquam
1045 699 1114 723 ante
1125 702 1187 726 tam
1196 694 1313 730 inviſus
1328 698 1413 742 plebi

635 746 707 770 reus
725 738 762 769 ad
778 739 926 783 judicium
943 752 1073 780 vocatus
1092 751 1200 793 populi
1220 751 1282 792 eſt,
1300 753 1412 798 plenus

633 791 776 832 ſuarum,
799 795 906 840 plenus
936 807 1127 845 paternarum
1152 806 1274 841 irarum.
1305 810 1409 844 Patres

632 856 757 891 quoque
784 861 846 884 non
872 862 987 888 temere
1017 867 1074 901 pro
1101 861 1169 894 ullo
1195 872 1283 907 æque
1313 866 1408 901 adniſi

628 908 725 941 ſunt:
748 918 1007 960 propugnatorem
1026 916 1166 960 ſenatus,
1181 921 1407 968 majeſtatisque

629 967 783 1003 vindicem
794 971 856 1005 ſuæ,
886 972 924 1005 ad
935 983 1042 1009 omnes
1051 978 1236 1015 tribunicios
1251 983 1404 1026 plebeios-

627 1033 688 1065 que
706 1025 881 1072 obpoſitum
901 1031 1071 1073 tumultus,
1101 1036 1226 1073 modum
1248 1040 1405 1075 dumtaxat

624 1083 657 1114 in
669 1086 834 1119 certamine
852 1088 1025 1134 egreſſum,
1037 1095 1123 1127 iratæ
1135 1096 1232 1138 objici
1242 1100 1326 1142 plebi
1336 1103 1402 1143 (b).

623 1138 712 1171 Unus
732 1150 750 1171 e
773 1141 931 1182 Patribus,
945 1144 1008 1188 ipſe
1028 1148 1089 1190 Ap.
1107 1149 1274 1192 Claudius,
1295 1153 1330 1186 &
1348 1158 1401 1190 tri-

623 1193 742 1234 bunos,
757 1195 793 1228 &
812 1197 955 1243 plebem,
980 1201 1015 1234 &
1041 1203 1129 1238 ſuum
1157 1204 1306 1252 judicium
1339 1221 1399 1256 pro

619 1249 720 1285 nihilo
737 1253 874 1290 habebat.
895 1257 985 1293 IIlum
1004 1269 1068 1294 non
1084 1262 1175 1297 minæ
1195 1264 1324 1316 plebis,
1333 1278 1398 1302 non

617 1312 738 1349 ſenatus
760 1325 866 1362 preces
889 1321 1056 1367 perpellere
1073 1335 1219 1371 umquam
1239 1337 1396 1374 potuere,

617 1379 683 1405 non
707 1373 801 1406 modo
820 1385 856 1409 ut
875 1377 992 1412 veſtem
1017 1388 1167 1423 mutaret,
1192 1393 1246 1418 aut
1268 1386 1395 1433 ſupplex

615 1428 769 1472 prenſaret
791 1433 951 1475 homines;
974 1436 1025 1471 ſed
1054 1449 1095 1473 ne
1117 1449 1153 1475 ut
1178 1451 1217 1474 ex
1247 1445 1392 1481 conſueta

614 1484 738 1530 quidem
753 1488 911 1535 aſperitate
928 1494 1098 1535 orationis,
1129 1507 1224 1542 quum
1239 1500 1278 1531 ad
1291 1510 1390 1546 popu-

612 1541 678 1573 Ium
696 1546 808 1588 agenda
828 1547 927 1582 cauſſa
941 1550 1032 1591 eſſet,
1044 1553 1161 1597 aliquid
1170 1555 1283 1590 leniret
1297 1566 1390 1604 atque

612 1597 814 1634 ſubmitteret.
835 1603 916 1635 Idem
929 1606 1051 1639 habitus
1065 1608 1150 1647 oris,
1167 1611 1270 1646 eadem
1281 1622 1388 1649 contu-

612 1656 709 1688 macia
736 1659 768 1690 in
789 1660 902 1698 vultu,
930 1663 1012 1696 idem
1037 1666 1069 1698 in
1096 1668 1237 1703 oratione
1263 1671 1387 1717 ſpiritus

611 1721 700 1747 erat:
736 1716 812 1749 adeo
838 1725 871 1749 ut
899 1726 1005 1763 magna
1034 1731 1103 1765 pars
1129 1725 1227 1772 plebis
1248 1728 1384 1774 Appium

609 1778 671 1801 non
690 1769 790 1804 minus
818 1782 904 1805 reum
930 1775 1081 1816 timeret,
1112 1789 1201 1824 quam
1227 1786 1383 1820 conſulem

608 1828 759 1862 timuerat.
791 1830 892 1866 Semel
915 1835 1042 1870 cauſſam
1061 1838 1159 1879 dixit,
1182 1850 1245 1882 quo
1263 1840 1380 1889 ſemper

639 1913 702 1954 (b)
721 1914 800 1954 objici
818 1919 888 1946 iratæ
898 1921 971 1958 plebi
988 1926 1075 1957 Gron.
1085 1925 1168 1957 Crev.
