<?xml version='1.0' encoding='utf-8'?>
<PcGts xmlns="http://schema.primaresearch.org/PAGE/gts/pagecontent/2019-07-15" xmlns:xsi="http://www.w3.org/2001/XMLSchema-instance" pcGtsId="PAGE_01" xsi:schemaLocation="http://schema.primaresearch.org/PAGE/gts/pagecontent/2019-07-15 http://schema.primaresearch.org/PAGE/gts/pagecontent/2019-07-15/pagecontent.xsd">
  <Metadata>
    <Creator>OCR-D DFG Phase III</Creator>
    <Created>2024-01-19T13:10:45Z</Created>
    <LastChange>2024-01-19T13:10:45Z</LastChange>
    <Comments>ODEM: OCR-D extension for mass digitization (2021-2024)</Comments>
  </Metadata>
  <Page imageFilename="MAX/urn+nbn+de+gbv+3+1-822287-p0503-2_lat.png" imageWidth="2494" imageHeight="3114" type="content" primaryLanguage="Latin">
    <Border>
      <Coords points="108,499 70,2934 2231,2993 2208,516"/>
    </Border>
    <ReadingOrder>
      <OrderedGroup id="ro_1679318555979" caption="Regions reading order">
        <RegionRefIndexed index="0" regionRef="region0000"/>
        <RegionRefIndexed index="1" regionRef="region0001"/>
        <RegionRefIndexed index="2" regionRef="region0002"/>
        <RegionRefIndexed index="3" regionRef="region0005"/>
      </OrderedGroup>
    </ReadingOrder>
    <TextRegion orientation="-1.23022" readingDirection="left-to-right" id="region0000" custom="readingOrder {index:0;}">
      <Coords points="208,731 1340,731 1349,953 217,953"/>
      <TextLine id="region0000_line0003" custom="readingOrder {index:0;}">
        <Coords points="903,735 894,741 666,734 541,737 385,733 345,735 271,732 240,727 234,730 218,729 217,769 218,781 339,789 415,791 432,787 466,790 554,787 614,789 647,795 657,789 762,786 822,788 846,795 855,793 862,788 984,793 1070,793 1233,804 1327,804 1349,807 1349,755 1342,754 1298,750 1169,747 1127,752 1040,751 1029,750 1022,742 998,740 990,749 936,749 923,748 921,741 914,736"/>
        <Baseline points="217,769 424,779 869,777 1349,796"/>
        <Word id="region0000_line0003_word0000" custom="readingOrder {index:0;}">
          <Coords points="228,735 465,740 464,783 227,778"/>
          <TextEquiv conf="0.922956">
            <Unicode>CONDITIO</Unicode>
          </TextEquiv>
        </Word>
        <Word id="region0000_line0003_word0001" custom="readingOrder {index:1;}">
          <Coords points="479,744 576,746 575,783 478,781"/>
          <TextEquiv conf="0.90882754">
            <Unicode>SINE</Unicode>
          </TextEquiv>
        </Word>
        <Word id="region0000_line0003_word0002" custom="readingOrder {index:2;}">
          <Coords points="704,747 599,745 598,788 614,789 647,795 647,795 657,789 703,788"/>
          <TextEquiv conf="0.8831638">
            <Unicode>QUA</Unicode>
          </TextEquiv>
        </Word>
        <Word id="region0000_line0003_word0003" custom="readingOrder {index:3;}">
          <Coords points="855,753 729,751 728,786 762,786 822,788 846,795 854,793"/>
          <TextEquiv conf="0.7599948">
            <Unicode>NON;</Unicode>
          </TextEquiv>
        </Word>
        <Word id="region0000_line0003_word0004" custom="readingOrder {index:4;}">
          <Coords points="893,748 958,750 957,788 892,786"/>
          <TextEquiv>
            <Unicode>ſive</Unicode>
          </TextEquiv>
        </Word>
        <Word id="region0000_line0003_word0005" custom="readingOrder {index:5;}">
          <Coords points="988,752 1137,755 1136,790 987,787"/>
          <TextEquiv conf="0.8004136">
            <Unicode>dicantur</Unicode>
          </TextEquiv>
        </Word>
        <Word id="region0000_line0003_word0006" custom="readingOrder {index:6;}">
          <Coords points="1189,760 1338,763 1338,799 1189,796"/>
          <TextEquiv conf="0.9148996">
            <Unicode>MEDIA</Unicode>
          </TextEquiv>
        </Word>
        <TextEquiv>
          <Unicode>CONDITIO SINE QUA NON; ſive dicantur MEDIA</Unicode>
        </TextEquiv>
      </TextLine>
      <TextLine id="region0000_line0004" custom="readingOrder {index:1;}">
        <Coords points="767,788 657,790 647,796 590,789 501,789 462,798 450,798 449,792 444,789 421,791 417,796 368,790 271,792 259,790 250,782 230,782 218,786 218,833 378,842 382,847 394,847 401,843 440,842 701,839 761,843 775,842 788,849 808,850 814,845 871,842 980,844 986,849 995,849 1003,845 1021,845 1075,848 1082,857 1090,853 1100,855 1113,849 1163,849 1231,854 1237,856 1239,864 1251,866 1260,865 1265,855 1348,858 1349,816 1337,814 1335,808 1327,805 1304,805 1290,813 1261,812 1077,803 1075,796 1070,794 1044,794 1035,801 1004,795 956,792 871,791 846,796 827,790"/>
        <Baseline points="218,823 413,832 1022,835 1349,849"/>
        <Word id="region0000_line0004_word0000" custom="readingOrder {index:0;}">
          <Coords points="227,789 226,828 291,829 292,792 271,792 259,790 258,789"/>
          <TextEquiv>
            <Unicode>ſive</Unicode>
          </TextEquiv>
        </Word>
        <Word id="region0000_line0004_word0001" custom="readingOrder {index:1;}">
          <Coords points="301,795 399,797 398,838 300,836"/>
          <TextEquiv conf="0.9171571">
            <Unicode>VIA,</Unicode>
          </TextEquiv>
        </Word>
        <Word id="region0000_line0004_word0002" custom="readingOrder {index:2;}">
          <Coords points="499,790 497,790 462,798 450,798 449,792 444,789 421,791 421,791 419,843 440,842 497,841"/>
          <TextEquiv conf="0.89107114">
            <Unicode>ſive</Unicode>
          </TextEquiv>
        </Word>
        <Word id="word_1657181674920_382" custom="readingOrder {index:3;}">
          <Coords points="502,792 644,794 644,829 502,827"/>
          <TextEquiv>
            <Unicode>CAUSA</Unicode>
          </TextEquiv>
        </Word>
        <Word id="word_1657181674920_381" custom="readingOrder {index:4;}">
          <Coords points="644,794 742,797 742,832 644,829"/>
          <TextEquiv>
            <Unicode>SINE</Unicode>
          </TextEquiv>
        </Word>
        <Word id="region0000_line0004_word0004" custom="readingOrder {index:5;}">
          <Coords points="861,806 757,803 756,842 761,843 775,842 788,849 808,850 814,845 860,842"/>
          <TextEquiv conf="0.84858507">
            <Unicode>QUA</Unicode>
          </TextEquiv>
        </Word>
        <Word id="region0000_line0004_word0005" custom="readingOrder {index:6;}">
          <Coords points="998,809 871,806 871,842 980,844 985,848 995,848 998,847"/>
          <TextEquiv conf="0.7526612">
            <Unicode>NON,</Unicode>
          </TextEquiv>
        </Word>
        <Word id="region0000_line0004_word0006" custom="readingOrder {index:7;}">
          <Coords points="1161,808 1020,805 1019,845 1021,845 1075,848 1080,855 1085,855 1090,853 1100,855 1113,849 1160,849"/>
          <TextEquiv conf="0.5572618">
            <Unicode>effugere</Unicode>
          </TextEquiv>
        </Word>
        <Word id="region0000_line0004_word0007" custom="readingOrder {index:8;}">
          <Coords points="1168,820 1236,822 1236,845 1168,843"/>
          <TextEquiv conf="0.9309468">
            <Unicode>non</Unicode>
          </TextEquiv>
        </Word>
        <Word id="region0000_line0004_word0008" custom="readingOrder {index:9;}">
          <Coords points="1293,811 1290,813 1261,812 1246,811 1246,859 1262,859 1265,855 1339,857 1339,814 1337,814 1336,811"/>
          <TextEquiv conf="0.92365676">
            <Unicode>poſſe</Unicode>
          </TextEquiv>
        </Word>
        <TextEquiv>
          <Unicode>ſive VIA, ſive CAUSA SINE QUA NON, effugere non poſſe</Unicode>
        </TextEquiv>
      </TextLine>
      <TextLine id="region0000_line0005" custom="readingOrder {index:2;}">
        <Coords points="871,843 844,844 833,851 808,851 788,850 775,843 529,840 473,842 433,850 374,852 341,850 339,844 332,840 315,841 308,848 290,847 283,839 274,839 266,846 217,844 218,887 226,887 230,896 239,891 254,895 257,890 427,895 484,890 616,893 732,892 864,896 928,899 933,909 948,910 953,907 955,900 984,899 990,909 1004,911 1009,907 1010,901 1016,899 1070,899 1186,904 1191,915 1208,917 1213,913 1215,905 1349,908 1349,869 1202,863 1198,854 1187,852 1173,851 1165,861 1149,861 1144,850 1129,850 1125,859 1118,859 1113,850 1100,856 1090,853 1082,858 1057,857 1055,851 1051,848 1040,847 1034,856 975,855 927,851 924,845 908,845 903,850 888,850 886,844"/>
        <Baseline points="218,877 408,885 683,881 1349,900"/>
        <Word id="region0000_line0005_word0000" custom="readingOrder {index:0;}">
          <Coords points="272,840 266,846 224,844 224,882 306,884 306,847 290,847 284,840"/>
          <TextEquiv conf="0.87876326">
            <Unicode>quin</Unicode>
          </TextEquiv>
        </Word>
        <Word id="region0000_line0005_word0001" custom="readingOrder {index:1;}">
          <Coords points="315,878 469,881 469,842 433,850 374,852 341,850 339,844 332,840 315,840"/>
          <TextEquiv conf="0.87876326">
            <Unicode>fateatur:</Unicode>
          </TextEquiv>
        </Word>
        <Word id="region0000_line0005_word0002" custom="readingOrder {index:2;}">
          <Coords points="494,848 646,851 646,887 494,884"/>
          <TextEquiv conf="0.88334364">
            <Unicode>OPERA</Unicode>
          </TextEquiv>
        </Word>
        <Word id="region0000_line0005_word0003" custom="readingOrder {index:3;}">
          <Coords points="659,851 788,854 788,890 659,887"/>
          <TextEquiv conf="0.9056625">
            <Unicode>BONA</Unicode>
          </TextEquiv>
        </Word>
        <Word id="region0000_line0005_word0004" custom="readingOrder {index:4;}">
          <Coords points="800,888 886,890 886,852 833,851 833,851 808,851 800,851"/>
          <TextEquiv conf="0.4243522">
            <Unicode>rectè</Unicode>
          </TextEquiv>
        </Word>
        <Word id="region0000_line0005_word0005" custom="readingOrder {index:5;}">
          <Coords points="894,853 932,854 932,891 894,890"/>
          <TextEquiv conf="0.9290283">
            <Unicode>&amp;</Unicode>
          </TextEquiv>
        </Word>
        <Word id="region0000_line0005_word0006" custom="readingOrder {index:6;}">
          <Coords points="939,853 938,902 954,902 955,900 984,899 986,903 1010,904 1010,901 1016,899 1065,899 1066,857 1057,857 1057,856 1034,855 1034,856 975,855 956,853"/>
          <TextEquiv conf="0.8078468">
            <Unicode>proprie</Unicode>
          </TextEquiv>
        </Word>
        <Word id="region0000_line0005_word0007" custom="readingOrder {index:7;}">
          <Coords points="1086,855 1082,858 1079,858 1079,890 1142,892 1142,857 1126,856 1125,859 1118,859 1116,856 1101,856 1100,856 1099,856"/>
          <TextEquiv conf="0.84326005">
            <Unicode>dici</Unicode>
          </TextEquiv>
        </Word>
        <Word id="region0000_line0005_word0008" custom="readingOrder {index:8;}">
          <Coords points="1167,858 1165,861 1149,861 1149,861 1148,902 1186,904 1187,907 1214,907 1215,905 1253,906 1254,865 1202,863 1200,859"/>
          <TextEquiv conf="0.84326005">
            <Unicode>aliquo</Unicode>
          </TextEquiv>
        </Word>
        <Word id="region0000_line0005_word0009" custom="readingOrder {index:9;}">
          <Coords points="1266,873 1338,875 1338,897 1266,895"/>
          <TextEquiv conf="0.92706895">
            <Unicode>mo-</Unicode>
          </TextEquiv>
        </Word>
        <TextEquiv conf="0.8321349">
          <Unicode>quin fateatur: OPERA BONA rectè &amp; proprie dici aliquo mo-</Unicode>
        </TextEquiv>
      </TextLine>
      <TextLine id="region0000_line0006" custom="readingOrder {index:3;}">
        <Coords points="663,892 651,901 626,902 531,901 525,894 515,894 509,898 502,897 496,892 483,891 469,895 435,895 400,904 387,903 381,895 362,895 353,905 338,905 319,904 309,894 301,893 289,892 282,898 254,898 252,895 239,892 230,897 217,897 217,938 277,944 333,945 337,952 358,953 364,946 443,947 448,953 452,953 477,952 481,947 532,943 623,942 631,944 636,952 641,953 655,952 661,944 836,947 841,942 842,911 835,905 757,903 750,894 740,894 733,902 707,902 704,893 688,893 683,897 679,893"/>
        <Baseline points="217,929 393,938 842,938"/>
        <Word id="region0000_line0006_word0000" custom="readingOrder {index:0;}">
          <Coords points="223,926 266,927 266,898 254,898 252,895 239,892 230,897 223,897"/>
          <TextEquiv conf="0.86592233">
            <Unicode>do</Unicode>
          </TextEquiv>
        </Word>
        <Word id="region0000_line0006_word0001" custom="readingOrder {index:1;}">
          <Coords points="285,895 285,895 284,941 419,944 420,899 400,904 387,903 383,897 360,897 353,905 338,905 319,904 311,896"/>
          <TextEquiv conf="0.8410077">
            <Unicode>Cauſam</Unicode>
          </TextEquiv>
        </Word>
        <Word id="region0000_line0006_word0002" custom="readingOrder {index:2;}">
          <Coords points="435,895 434,895 433,943 508,945 532,943 623,942 630,944 631,902 626,902 531,901 528,897 511,897 509,898 502,897 502,897"/>
          <TextEquiv conf="0.8147319">
            <Unicode>Efficientem</Unicode>
          </TextEquiv>
        </Word>
        <Word id="region0000_line0006_word0003" custom="readingOrder {index:3;}">
          <Coords points="652,900 651,901 642,901 641,946 659,946 661,944 782,946 783,904 757,903 757,902 733,902 733,902 707,902 707,901"/>
          <TextEquiv conf="0.60612327">
            <Unicode>ſalutis.</Unicode>
          </TextEquiv>
        </Word>
        <TextEquiv conf="0.7819463">
          <Unicode>do Cauſam Efficientem ſalutis.</Unicode>
        </TextEquiv>
      </TextLine>
      <TextEquiv>
        <Unicode>CONDITIO SINE QUA NON; ſive dicantur MEDIA&#13;
ſive VIA, ſive CAUSA SINE QUA NON, effugere non poſſe&#13;
quin fateatur: OPERA BONA rectè &amp; proprie dici aliquo mo-&#13;
do Cauſam Efficientem ſalutis.</Unicode>
      </TextEquiv>
    </TextRegion>
    <TextRegion orientation="-1.23022" readingDirection="left-to-right" id="region0001" custom="readingOrder {index:1;}">
      <Coords points="208,973 1334,973 1334,1309 208,1309"/>
      <TextLine id="region0001_line0001" custom="readingOrder {index:0;}">
        <Coords points="728,973 715,986 690,985 688,977 682,973 670,975 663,986 641,985 634,982 631,974 609,973 600,985 587,985 582,974 563,973 560,985 506,986 500,979 484,977 476,983 472,979 463,979 458,983 456,990 437,991 402,991 394,982 384,982 378,987 363,982 273,981 263,987 262,1017 274,1032 363,1046 380,1046 386,1043 389,1036 396,1034 416,1035 420,1043 435,1045 440,1044 448,1032 489,1033 533,1027 676,1028 696,1025 728,1028 774,1026 796,1030 836,1030 881,1035 929,1034 947,1038 1037,1037 1107,1039 1120,1043 1149,1041 1334,1048 1334,1000 1330,997 1319,997 1312,1001 1306,996 1297,996 1289,1004 1217,999 1118,1000 1116,992 1112,989 1087,988 1081,997 1063,996 1059,989 1050,986 975,985 948,982 914,982 905,992 896,993 863,989 856,980 845,980 838,988 784,984 752,986 746,973"/>
        <Baseline points="268,1023 356,1030 528,1017 729,1016 1334,1037"/>
        <Word id="region0001_line0001_word0000" custom="readingOrder {index:0;}">
          <Coords points="324,1023 496,1027 496,978 484,977 476,983 472,979 463,979 458,983 456,990 437,991 402,991 394,982 384,982 378,987 363,982 324,981"/>
          <TextEquiv conf="0.9003688">
            <Unicode>Quicquid</Unicode>
          </TextEquiv>
        </Word>
        <Word id="region0001_line0001_word0001" custom="readingOrder {index:1;}">
          <Coords points="562,974 560,985 509,985 509,1013 593,1015 593,985 587,985 582,974"/>
          <TextEquiv>
            <Unicode>verò</Unicode>
          </TextEquiv>
        </Word>
        <Word id="region0001_line0001_word0002" custom="readingOrder {index:2;}">
          <Coords points="605,978 604,980 603,1015 641,1016 642,985 641,985 634,982 633,979"/>
          <TextEquiv conf="0.9158844">
            <Unicode>ſit</Unicode>
          </TextEquiv>
        </Word>
        <Word id="region0001_line0001_word0003" custom="readingOrder {index:3;}">
          <Coords points="666,981 663,986 661,985 661,1017 707,1018 707,985 690,985 689,981"/>
          <TextEquiv conf="0.9222641">
            <Unicode>de</Unicode>
          </TextEquiv>
        </Word>
        <Word id="region0001_line0001_word0004" custom="readingOrder {index:4;}">
          <Coords points="721,980 720,1020 873,1023 873,990 863,989 858,982 842,982 838,988 784,984 752,986 749,980"/>
          <TextEquiv>
            <Unicode>ſententia</Unicode>
          </TextEquiv>
        </Word>
        <Word id="region0001_line0001_word0005" custom="readingOrder {index:5;}">
          <Coords points="902,1025 984,1026 985,990 908,988 905,992 902,992"/>
          <TextEquiv conf="0.8988587">
            <Unicode>dicti</Unicode>
          </TextEquiv>
        </Word>
        <Word id="region0001_line0001_word0006" custom="readingOrder {index:6;}">
          <Coords points="1001,991 1000,1031 1127,1034 1127,999 1118,1000 1116,993 1083,992 1081,997 1063,996 1060,992"/>
          <TextEquiv conf="0.6353519">
            <Unicode>Voetii,</Unicode>
          </TextEquiv>
        </Word>
        <Word id="region0001_line0001_word0007" custom="readingOrder {index:7;}">
          <Coords points="1152,1000 1151,1028 1278,1031 1278,1003 1272,1002"/>
          <TextEquiv conf="0.8921632">
            <Unicode>certum</Unicode>
          </TextEquiv>
        </Word>
        <Word id="region0001_line0001_word0008" custom="readingOrder {index:8;}">
          <Coords points="1296,998 1295,1031 1326,1032 1327,999 1316,998 1312,1001 1308,998"/>
          <TextEquiv conf="0.8921632">
            <Unicode>id</Unicode>
          </TextEquiv>
        </Word>
        <TextEquiv>
          <Unicode>Quicquid verò ſit de ſententia dicti Voetii, certum id</Unicode>
        </TextEquiv>
      </TextLine>
      <TextLine id="region0001_line0002" custom="readingOrder {index:1;}">
        <Coords points="764,1027 758,1029 751,1037 716,1037 714,1029 696,1026 690,1028 688,1036 673,1037 571,1037 566,1029 552,1028 547,1037 537,1037 530,1030 517,1030 510,1038 465,1038 460,1033 448,1033 442,1043 434,1046 413,1044 409,1036 396,1035 390,1037 386,1045 375,1047 306,1045 295,1036 246,1030 239,1034 209,1038 209,1082 259,1088 315,1087 326,1099 344,1087 411,1087 563,1079 664,1080 667,1089 686,1090 695,1077 929,1088 940,1090 944,1098 951,1100 972,1099 981,1091 1039,1090 1281,1099 1298,1103 1333,1105 1333,1059 1168,1053 1159,1042 1145,1043 1141,1050 1137,1051 1131,1043 1120,1044 1107,1040 1042,1039 1028,1049 1002,1049 959,1047 954,1039 946,1038 939,1039 935,1043 934,1038 929,1035 911,1037 908,1045 845,1042 841,1033 836,1031 816,1031 807,1040 786,1040 784,1030"/>
        <Baseline points="209,1072 318,1078 677,1069 1333,1094"/>
        <Word id="region0001_line0002_word0000" custom="readingOrder {index:0;}">
          <Coords points="221,1065 285,1067 285,1034 246,1030 239,1034 221,1036"/>
          <TextEquiv>
            <Unicode>eſt,</Unicode>
          </TextEquiv>
        </Word>
        <Word id="word_1657181735860_407" custom="readingOrder {index:1;}">
          <Coords points="311,1045 375,1047 386,1045 390,1037 396,1035 408,1035 408,1077 311,1076"/>
          <TextEquiv conf="0.9219886">
            <Unicode>quod</Unicode>
          </TextEquiv>
        </Word>
        <Word id="region0001_line0002_word0002" custom="readingOrder {index:2;}">
          <Coords points="423,1079 468,1080 468,1038 465,1038 460,1033 448,1033 442,1043 434,1046 423,1045"/>
          <TextEquiv conf="0.9231821">
            <Unicode>ad</Unicode>
          </TextEquiv>
        </Word>
        <Word id="region0001_line0002_word0003" custom="readingOrder {index:3;}">
          <Coords points="527,1030 517,1030 510,1038 483,1038 483,1064 658,1068 658,1037 571,1037 567,1030 550,1030 547,1037 537,1037 530,1030"/>
          <TextEquiv conf="0.89461565">
            <Unicode>minimum</Unicode>
          </TextEquiv>
        </Word>
        <Word id="region0001_line0002_word0004" custom="readingOrder {index:4;}">
          <Coords points="689,1030 688,1036 674,1036 674,1082 691,1082 695,1077 793,1081 793,1040 786,1040 784,1031 755,1031 751,1037 716,1037 714,1030"/>
          <TextEquiv conf="0.9070724">
            <Unicode>phraſis</Unicode>
          </TextEquiv>
        </Word>
        <Word id="region0001_line0002_word0005" custom="readingOrder {index:5;}">
          <Coords points="812,1035 811,1071 848,1072 848,1042 845,1042 842,1035"/>
          <TextEquiv conf="0.9239264">
            <Unicode>ſit</Unicode>
          </TextEquiv>
        </Word>
        <Word id="region0001_line0002_word0006" custom="readingOrder {index:6;}">
          <Coords points="912,1037 911,1037 908,1045 863,1043 862,1085 902,1087 1027,1089 1028,1049 1002,1049 959,1047 954,1039 946,1038 939,1039 935,1043 934,1038 933,1037"/>
          <TextEquiv conf="0.83499545">
            <Unicode>ambigua.</Unicode>
          </TextEquiv>
        </Word>
        <Word id="region0001_line0002_word0007" custom="readingOrder {index:7;}">
          <Coords points="1083,1042 1082,1078 1178,1080 1178,1053 1168,1053 1160,1043 1144,1043 1141,1050 1137,1051 1131,1043 1120,1044 1115,1042"/>
          <TextEquiv conf="0.8890823">
            <Unicode>Unde</Unicode>
          </TextEquiv>
        </Word>
        <Word id="region0001_line0002_word0008" custom="readingOrder {index:8;}">
          <Coords points="1194,1056 1327,1059 1327,1086 1194,1083"/>
          <TextEquiv conf="0.7661187">
            <Unicode>omnes,</Unicode>
          </TextEquiv>
        </Word>
        <TextEquiv>
          <Unicode>eſt, quod ad minimum phraſis ſit ambigua. Unde omnes,</Unicode>
        </TextEquiv>
      </TextLine>
      <TextLine id="region0001_line0003" custom="readingOrder {index:2;}">
        <Coords points="695,1078 686,1091 581,1088 508,1089 491,1084 470,1083 444,1086 439,1094 426,1097 349,1097 348,1090 344,1088 326,1100 315,1088 300,1090 294,1095 286,1095 284,1089 266,1089 262,1093 208,1092 209,1134 223,1135 224,1140 233,1143 246,1144 251,1142 253,1137 257,1137 277,1138 284,1147 296,1147 306,1139 346,1137 448,1135 453,1132 492,1134 497,1131 515,1133 556,1130 651,1132 676,1129 909,1137 947,1142 1169,1144 1249,1151 1333,1154 1333,1112 1303,1108 1281,1100 1239,1108 1234,1098 1224,1098 1216,1107 1210,1106 1186,1105 1176,1095 1163,1095 1156,1104 1125,1101 1124,1095 1118,1092 1104,1093 1101,1098 1087,1093 1039,1091 1029,1091 1010,1099 951,1101 874,1097 867,1094 859,1086 848,1087 843,1095 818,1092 773,1092 769,1082 760,1081 727,1081 721,1089 715,1089 710,1081"/>
        <Baseline points="209,1124 307,1130 676,1120 1333,1144"/>
        <Word id="region0001_line0003_word0000" custom="readingOrder {index:0;}">
          <Coords points="220,1120 280,1121 280,1089 266,1089 262,1093 220,1092"/>
          <TextEquiv conf="0.91165185">
            <Unicode>qui</Unicode>
          </TextEquiv>
        </Word>
        <Word id="region0001_line0003_word0001" custom="readingOrder {index:1;}">
          <Coords points="288,1122 430,1125 430,1095 426,1097 349,1097 348,1090 344,1088 326,1100 315,1088 300,1090 294,1095 288,1095"/>
          <TextEquiv conf="0.6519835">
            <Unicode>ſalutem</Unicode>
          </TextEquiv>
        </Word>
        <Word id="region0001_line0003_word0002" custom="readingOrder {index:2;}">
          <Coords points="448,1115 613,1119 613,1088 581,1088 508,1089 491,1084 470,1083 448,1085"/>
          <TextEquiv>
            <Unicode>Æternam</Unicode>
          </TextEquiv>
        </Word>
        <Word id="region0001_line0003_word0003" custom="readingOrder {index:3;}">
          <Coords points="691,1083 686,1091 626,1089 626,1119 714,1121 714,1088 711,1083"/>
          <TextEquiv conf="0.16868049">
            <Unicode>merè</Unicode>
          </TextEquiv>
        </Word>
        <Word id="region0001_line0003_word0004" custom="readingOrder {index:4;}">
          <Coords points="736,1085 735,1121 929,1125 929,1099 874,1097 867,1094 860,1087 847,1087 843,1095 818,1092 773,1092 770,1085"/>
          <TextEquiv conf="0.7852506">
            <Unicode>Gratuitam</Unicode>
          </TextEquiv>
        </Word>
        <Word id="region0001_line0003_word0005" custom="readingOrder {index:5;}">
          <Coords points="950,1102 1027,1103 1027,1127 950,1126"/>
          <TextEquiv conf="0.89818114">
            <Unicode>cum</Unicode>
          </TextEquiv>
        </Word>
        <Word id="region0001_line0003_word0006" custom="readingOrder {index:6;}">
          <Coords points="1042,1092 1041,1129 1247,1133 1247,1106 1239,1108 1234,1098 1224,1098 1216,1107 1210,1106 1186,1105 1176,1095 1163,1095 1156,1104 1125,1101 1124,1095 1121,1093 1103,1093 1101,1098 1087,1093 1081,1092"/>
          <TextEquiv conf="0.89310354">
            <Unicode>Orthodoxis</Unicode>
          </TextEquiv>
        </Word>
        <Word id="region0001_line0003_word0007" custom="readingOrder {index:7;}">
          <Coords points="1279,1100 1266,1102 1266,1134 1330,1135 1330,1111 1303,1108 1281,1100"/>
          <TextEquiv conf="0.8998076">
            <Unicode>ſta-</Unicode>
          </TextEquiv>
        </Word>
        <TextEquiv>
          <Unicode>qui ſalutem Æternam merè Gratuitam cum Orthodoxis ſta-</Unicode>
        </TextEquiv>
      </TextLine>
      <TextLine id="region0001_line0004" custom="readingOrder {index:3;}">
        <Coords points="676,1130 654,1131 647,1139 625,1141 571,1141 569,1133 556,1131 549,1135 546,1141 515,1141 512,1133 497,1132 491,1136 489,1143 477,1145 473,1144 474,1139 470,1134 453,1133 446,1136 439,1146 422,1144 398,1137 333,1139 323,1140 319,1147 296,1148 208,1141 209,1182 302,1190 323,1194 449,1189 478,1184 506,1185 510,1182 524,1183 531,1194 537,1195 557,1191 562,1184 644,1182 1035,1193 1075,1195 1079,1204 1086,1200 1101,1200 1104,1196 1203,1198 1242,1202 1274,1201 1281,1204 1333,1206 1333,1164 1255,1158 1175,1157 1173,1149 1169,1145 1138,1146 1128,1155 874,1146 868,1137 856,1138 850,1146 827,1145 826,1137 818,1134 806,1136 801,1145 701,1141 694,1140 692,1133 687,1130"/>
        <Baseline points="208,1174 361,1182 739,1174 1333,1196"/>
        <Word id="region0001_line0004_word0000" custom="readingOrder {index:0;}">
          <Coords points="218,1170 339,1173 339,1138 333,1139 323,1140 319,1147 296,1148 218,1141"/>
          <TextEquiv conf="0.7772976">
            <Unicode>tuunt,</Unicode>
          </TextEquiv>
        </Word>
        <Word id="region0001_line0004_word0001" custom="readingOrder {index:1;}">
          <Coords points="553,1132 549,1135 546,1141 515,1141 512,1133 497,1132 491,1136 489,1143 477,1145 473,1144 474,1139 470,1134 453,1133 446,1136 439,1146 422,1144 398,1137 360,1138 360,1178 591,1183 622,1182 622,1141 571,1141 569,1133 567,1132"/>
          <TextEquiv conf="0.72233063">
            <Unicode>Phraſeologiam</Unicode>
          </TextEquiv>
        </Word>
        <Word id="region0001_line0004_word0002" custom="readingOrder {index:2;}">
          <Coords points="654,1134 653,1171 744,1173 744,1142 701,1141 694,1140 692,1134"/>
          <TextEquiv conf="0.74056274">
            <Unicode>illam</Unicode>
          </TextEquiv>
        </Word>
        <Word id="region0001_line0004_word0003" custom="readingOrder {index:3;}">
          <Coords points="803,1140 801,1145 780,1144 780,1175 952,1179 952,1148 874,1146 871,1142 853,1141 850,1146 827,1145 826,1141"/>
          <TextEquiv conf="0.9161737">
            <Unicode>admittere</Unicode>
          </TextEquiv>
        </Word>
        <Word id="region0001_line0004_word0004" custom="readingOrder {index:4;}">
          <Coords points="982,1154 1051,1156 1051,1179 982,1177"/>
          <TextEquiv conf="0.9229131">
            <Unicode>non</Unicode>
          </TextEquiv>
        </Word>
        <Word id="region0001_line0004_word0005" custom="readingOrder {index:5;}">
          <Coords points="1157,1145 1138,1146 1128,1155 1086,1153 1085,1193 1238,1196 1239,1157 1175,1157 1173,1149 1169,1145"/>
          <TextEquiv conf="0.78611434">
            <Unicode>poſſunt:</Unicode>
          </TextEquiv>
        </Word>
        <Word id="region0001_line0004_word0006" custom="readingOrder {index:6;}">
          <Coords points="1267,1163 1329,1164 1329,1187 1267,1186"/>
          <TextEquiv>
            <Unicode>nec</Unicode>
          </TextEquiv>
        </Word>
        <TextEquiv>
          <Unicode>tuunt, Phraſeologiam illam admittere non poſſunt: nec</Unicode>
        </TextEquiv>
      </TextLine>
      <TextLine id="region0001_line0005" custom="readingOrder {index:4;}">
        <Coords points="781,1185 776,1188 773,1194 711,1193 703,1185 688,1185 683,1192 660,1192 657,1185 644,1183 639,1184 634,1192 579,1191 537,1196 531,1195 524,1184 510,1183 505,1186 504,1193 490,1194 487,1187 478,1185 464,1188 462,1195 420,1198 414,1193 403,1193 397,1199 373,1200 321,1198 309,1196 302,1191 290,1190 282,1190 278,1194 276,1190 269,1188 208,1183 208,1234 223,1233 233,1237 293,1242 378,1244 396,1241 402,1247 415,1249 419,1242 552,1234 812,1235 827,1235 832,1238 960,1239 965,1242 1032,1242 1037,1245 1087,1247 1218,1249 1257,1254 1333,1256 1334,1215 1285,1214 1283,1206 1274,1202 1261,1201 1250,1209 1225,1207 1217,1202 1203,1199 1158,1198 1136,1206 1108,1205 1103,1199 1086,1201 1079,1205 1043,1202 1035,1194 1011,1193 1005,1201 986,1202 932,1199 930,1191 926,1189 908,1191 906,1198 832,1196 811,1195 806,1187"/>
        <Baseline points="208,1226 358,1233 725,1225 1333,1246"/>
        <Word id="region0001_line0005_word0000" custom="readingOrder {index:0;}">
          <Coords points="217,1219 384,1223 384,1199 373,1200 321,1198 309,1196 302,1191 290,1190 282,1190 278,1194 276,1190 269,1188 217,1183"/>
          <TextEquiv conf="0.86125124">
            <Unicode>Doctores</Unicode>
          </TextEquiv>
        </Word>
        <Word id="region0001_line0005_word0001" custom="readingOrder {index:1;}">
          <Coords points="404,1233 452,1234 452,1195 420,1198 414,1193 404,1193"/>
          <TextEquiv conf="0.86125124">
            <Unicode>jus</Unicode>
          </TextEquiv>
        </Word>
        <Word id="region0001_line0005_word0002" custom="readingOrder {index:2;}">
          <Coords points="509,1183 505,1186 504,1193 490,1194 487,1187 478,1185 472,1186 472,1222 593,1224 593,1191 579,1191 537,1196 531,1195 524,1184 521,1183"/>
          <TextEquiv conf="0.88440955">
            <Unicode>habent</Unicode>
          </TextEquiv>
        </Word>
        <Word id="region0001_line0005_word0003" custom="readingOrder {index:3;}">
          <Coords points="635,1189 634,1192 612,1191 612,1225 804,1229 804,1193 773,1192 773,1194 711,1193 709,1191 684,1190 683,1192 660,1192 659,1189"/>
          <TextEquiv conf="0.8976955">
            <Unicode>admittendi</Unicode>
          </TextEquiv>
        </Word>
        <Word id="region0001_line0005_word0004" custom="readingOrder {index:4;}">
          <Coords points="811,1202 867,1203 867,1229 811,1228"/>
          <TextEquiv conf="0.8070189">
            <Unicode>aut</Unicode>
          </TextEquiv>
        </Word>
        <Word id="region0001_line0005_word0005" custom="readingOrder {index:5;}">
          <Coords points="906,1194 906,1198 878,1197 878,1230 1036,1234 1036,1198 1007,1197 1005,1201 986,1202 932,1199 931,1195"/>
          <TextEquiv conf="0.9133406">
            <Unicode>tolerandi</Unicode>
          </TextEquiv>
        </Word>
        <Word id="region0001_line0005_word0006" custom="readingOrder {index:6;}">
          <Coords points="1095,1199 1086,1201 1079,1205 1055,1203 1055,1235 1152,1237 1152,1201 1149,1200 1136,1206 1108,1205 1103,1200"/>
          <TextEquiv conf="0.90008616">
            <Unicode>talem</Unicode>
          </TextEquiv>
        </Word>
        <Word id="region0001_line0005_word0007" custom="readingOrder {index:7;}">
          <Coords points="1170,1201 1170,1239 1327,1242 1328,1215 1285,1214 1283,1206 1276,1203 1259,1203 1250,1209 1225,1207 1217,1202 1216,1202"/>
          <TextEquiv conf="0.8485867">
            <Unicode>Phraſeo-</Unicode>
          </TextEquiv>
        </Word>
        <TextEquiv conf="0.871705">
          <Unicode>Doctores jus habent admittendi aut tolerandi talem Phraſeo-</Unicode>
        </TextEquiv>
      </TextLine>
      <TextLine id="region0001_line0006" custom="readingOrder {index:5;}">
        <Coords points="811,1236 805,1238 799,1246 607,1241 599,1244 571,1244 567,1236 552,1235 546,1239 544,1245 447,1247 415,1250 402,1248 396,1242 384,1242 376,1245 375,1252 366,1255 292,1251 283,1242 271,1241 265,1249 236,1247 234,1238 214,1234 208,1235 208,1287 238,1290 246,1304 266,1305 273,1302 279,1294 355,1299 477,1293 484,1302 502,1302 508,1297 510,1289 643,1286 798,1288 877,1295 931,1290 1022,1293 1126,1299 1130,1309 1146,1309 1155,1308 1157,1299 1230,1302 1236,1307 1245,1307 1254,1302 1286,1303 1298,1296 1299,1266 1296,1262 1236,1260 1235,1254 1230,1251 1187,1249 1181,1258 1127,1256 1122,1249 1107,1248 1102,1255 1040,1254 1038,1246 1021,1242 1016,1244 1014,1252 967,1251 964,1242 949,1240 943,1242 941,1251 896,1250 870,1248 868,1242 863,1239 853,1239 848,1242 846,1248 836,1247 834,1239"/>
        <Baseline points="208,1278 364,1287 732,1276 1298,1293"/>
        <Word id="region0001_line0006_word0000" custom="readingOrder {index:0;}">
          <Coords points="213,1280 356,1285 357,1255 292,1251 283,1242 271,1241 265,1249 236,1247 234,1238 214,1234"/>
          <TextEquiv conf="0.8623733">
            <Unicode>logiam,</Unicode>
          </TextEquiv>
        </Word>
        <Word id="region0001_line0006_word0001" custom="readingOrder {index:1;}">
          <Coords points="385,1272 460,1273 460,1246 447,1247 415,1250 402,1248 396,1242 385,1242"/>
          <TextEquiv conf="0.8623733">
            <Unicode>licet</Unicode>
          </TextEquiv>
        </Word>
        <Word id="region0001_line0006_word0002" custom="readingOrder {index:2;}">
          <Coords points="549,1236 546,1239 544,1245 477,1246 477,1285 594,1287 643,1286 701,1286 701,1243 607,1241 599,1244 571,1244 567,1236"/>
          <TextEquiv conf="0.9157015">
            <Unicode>quadantenus</Unicode>
          </TextEquiv>
        </Word>
        <Word id="region0001_line0006_word0003" custom="readingOrder {index:3;}">
          <Coords points="803,1240 799,1246 723,1244 722,1283 886,1286 887,1249 870,1248 868,1242 867,1242 849,1241 848,1242 846,1248 836,1247 835,1241"/>
          <TextEquiv conf="0.8359871">
            <Unicode>excuſari,</Unicode>
          </TextEquiv>
        </Word>
        <Word id="region0001_line0006_word0004" custom="readingOrder {index:4;}">
          <Coords points="909,1283 961,1284 962,1246 942,1245 941,1251 909,1250"/>
          <TextEquiv conf="0.9179156">
            <Unicode>vel</Unicode>
          </TextEquiv>
        </Word>
        <Word id="region0001_line0006_word0005" custom="readingOrder {index:5;}">
          <Coords points="1015,1246 1014,1252 982,1251 982,1283 1120,1285 1120,1248 1107,1248 1102,1255 1040,1254 1038,1246"/>
          <TextEquiv>
            <Unicode>colorari</Unicode>
          </TextEquiv>
        </Word>
        <Word id="region0001_line0006_word0006" custom="readingOrder {index:6;}">
          <Coords points="1185,1251 1181,1258 1136,1256 1136,1302 1156,1302 1157,1299 1230,1302 1231,1303 1250,1303 1253,1302 1253,1260 1236,1260 1235,1254 1232,1252"/>
          <TextEquiv conf="0.64738727">
            <Unicode>poſſit.</Unicode>
          </TextEquiv>
        </Word>
        <TextEquiv>
          <Unicode>logiam, licet quadantenus excuſari, vel colorari poſſit.</Unicode>
        </TextEquiv>
      </TextLine>
      <TextEquiv>
        <Unicode>Quicquid verò ſit de ſententia dicti Voetii, certum id&#13;
eſt, quod ad minimum phraſis ſit ambigua. Unde omnes,&#13;
qui ſalutem Æternam merè Gratuitam cum Orthodoxis ſta-&#13;
tuunt, Phraſeologiam illam admittere non poſſunt: nec&#13;
Doctores jus habent admittendi aut tolerandi talem Phraſeo-&#13;
logiam, licet quadantenus excuſari, vel colorari poſſit.</Unicode>
      </TextEquiv>
    </TextRegion>
    <TextRegion orientation="-1.23022" readingDirection="left-to-right" id="region0002" custom="readingOrder {index:2;}">
      <Coords points="186,1303 1335,1303 1335,2097 186,2097"/>
      <TextLine id="region0002_line0001" custom="readingOrder {index:0;}">
        <Coords points="1012,1310 1007,1314 1005,1324 982,1322 975,1313 964,1313 950,1322 887,1319 885,1312 879,1308 805,1307 793,1309 785,1318 723,1318 719,1315 709,1315 705,1317 653,1318 654,1305 646,1303 626,1306 616,1319 568,1319 562,1308 552,1307 542,1310 533,1321 465,1324 454,1324 446,1315 437,1315 429,1324 422,1324 409,1316 393,1314 259,1311 254,1316 253,1345 258,1350 267,1351 267,1360 270,1364 287,1367 440,1369 463,1364 484,1367 551,1365 559,1362 593,1364 615,1360 655,1360 657,1369 674,1372 682,1370 685,1362 694,1358 832,1362 904,1361 915,1361 927,1374 937,1372 941,1365 1022,1368 1037,1373 1108,1368 1165,1372 1185,1371 1199,1375 1235,1378 1335,1380 1334,1347 1317,1345 1317,1333 1312,1328 1256,1326 1241,1332 1219,1333 1164,1328 1147,1318 1134,1318 1123,1326 1121,1320 1115,1316 1040,1313 1035,1318 1034,1327 1025,1312"/>
        <Baseline points="267,1354 423,1358 810,1351 1335,1370"/>
        <Word id="region0002_line0001_word0000" custom="readingOrder {index:0;}">
          <Coords points="317,1356 344,1357 344,1324 317,1324"/>
          <TextEquiv>
            <Unicode>I.</Unicode>
          </TextEquiv>
        </Word>
        <Word id="region0002_line0001_word0001" custom="readingOrder {index:1;}">
          <Coords points="368,1346 526,1350 526,1321 465,1324 454,1324 446,1315 437,1315 429,1324 422,1324 409,1316 393,1314 368,1313"/>
          <TextEquiv conf="0.91552866">
            <Unicode>Rationes</Unicode>
          </TextEquiv>
        </Word>
        <Word id="region0002_line0001_word0002" custom="readingOrder {index:2;}">
          <Coords points="548,1308 542,1310 537,1315 537,1347 609,1348 609,1319 568,1319 562,1308"/>
          <TextEquiv conf="0.8479584">
            <Unicode>ſunt</Unicode>
          </TextEquiv>
        </Word>
        <Word id="region0002_line0001_word0003" custom="readingOrder {index:3;}">
          <Coords points="631,1305 626,1306 622,1311 621,1360 655,1360 655,1361 686,1361 694,1358 801,1361 802,1309 794,1309 793,1309 785,1318 723,1318 719,1315 709,1315 705,1317 653,1318 654,1306"/>
          <TextEquiv conf="0.68883187">
            <Unicode>ſequentes.</Unicode>
          </TextEquiv>
        </Word>
        <Word id="region0002_line0001_word0004" custom="readingOrder {index:4;}">
          <Coords points="826,1317 825,1352 914,1354 915,1320 887,1319 887,1318"/>
          <TextEquiv conf="0.88112795">
            <Unicode>Nam</Unicode>
          </TextEquiv>
        </Word>
        <Word id="region0002_line0001_word0005" custom="readingOrder {index:5;}">
          <Coords points="958,1316 950,1322 924,1320 924,1368 939,1368 941,1365 1022,1368 1029,1370 1049,1371 1050,1319 1034,1318 1034,1327 1028,1318 1006,1317 1005,1324 982,1322 978,1317"/>
          <TextEquiv conf="0.32071617">
            <Unicode>primò,</Unicode>
          </TextEquiv>
        </Word>
        <Word id="region0002_line0001_word0006" custom="readingOrder {index:6;}">
          <Coords points="1067,1321 1066,1358 1252,1362 1252,1327 1241,1332 1219,1333 1164,1328 1155,1322 1128,1322 1123,1326 1121,1322"/>
          <TextEquiv conf="0.90308553">
            <Unicode>Doctorem</Unicode>
          </TextEquiv>
        </Word>
        <Word id="region0002_line0001_word0007" custom="readingOrder {index:7;}">
          <Coords points="1262,1329 1261,1363 1325,1365 1325,1346 1317,1345 1317,1333 1314,1330"/>
          <TextEquiv>
            <Unicode>Ec-</Unicode>
          </TextEquiv>
        </Word>
        <TextEquiv>
          <Unicode>I. Rationes ſunt ſequentes. Nam primò, Doctorem Ec-</Unicode>
        </TextEquiv>
      </TextLine>
      <TextLine id="region0002_line0002" custom="readingOrder {index:1;}">
        <Coords points="904,1362 898,1365 896,1372 869,1371 864,1367 856,1367 852,1370 718,1370 716,1362 694,1359 687,1362 682,1371 674,1373 636,1370 634,1362 615,1361 605,1364 600,1372 588,1373 582,1373 574,1364 559,1363 549,1369 545,1366 532,1366 524,1375 515,1375 483,1376 480,1368 463,1365 454,1368 447,1376 294,1378 293,1372 286,1366 273,1365 262,1373 254,1374 250,1364 238,1362 231,1366 229,1373 186,1373 187,1412 242,1415 244,1424 247,1425 272,1415 323,1417 323,1424 328,1428 343,1430 351,1428 354,1418 450,1420 474,1418 485,1419 489,1428 506,1429 514,1426 518,1418 528,1418 736,1411 833,1413 855,1410 881,1414 978,1416 990,1420 1019,1420 1024,1424 1041,1419 1174,1426 1175,1435 1182,1438 1189,1438 1203,1427 1295,1433 1306,1438 1334,1439 1335,1397 1332,1391 1262,1388 1261,1381 1255,1378 1243,1379 1238,1387 1205,1386 1200,1384 1200,1376 1185,1372 1174,1374 1168,1382 1115,1380 1113,1372 1108,1369 1085,1369 1081,1371 1079,1380 1003,1376 998,1373 927,1375 915,1362"/>
        <Baseline points="187,1403 435,1410 885,1402 1335,1429"/>
        <Word id="region0002_line0002_word0000" custom="readingOrder {index:0;}">
          <Coords points="214,1401 302,1403 302,1377 294,1378 293,1372 286,1366 273,1365 262,1373 254,1374 250,1364 238,1362 231,1366 229,1373 214,1373"/>
          <TextEquiv>
            <Unicode>cleſiæ</Unicode>
          </TextEquiv>
        </Word>
        <Word id="region0002_line0002_word0001" custom="readingOrder {index:1;}">
          <Coords points="310,1407 443,1410 443,1376 310,1377"/>
          <TextEquiv conf="0.91540664">
            <Unicode>oportet</Unicode>
          </TextEquiv>
        </Word>
        <Word id="region0002_line0002_word0002" custom="readingOrder {index:2;}">
          <Coords points="453,1411 544,1413 545,1366 532,1366 524,1375 515,1375 483,1376 480,1368 463,1365 454,1368 454,1368"/>
          <TextEquiv conf="0.9242235">
            <Unicode>ſequi</Unicode>
          </TextEquiv>
        </Word>
        <Word id="region0002_line0002_word0003" custom="readingOrder {index:3;}">
          <Coords points="552,1399 676,1402 676,1372 674,1373 636,1370 634,1362 615,1361 605,1364 600,1372 588,1373 582,1373 574,1364 559,1363 552,1366"/>
          <TextEquiv conf="0.9069386">
            <Unicode>ſenſum</Unicode>
          </TextEquiv>
        </Word>
        <Word id="region0002_line0002_word0004" custom="readingOrder {index:4;}">
          <Coords points="689,1363 688,1401 839,1404 839,1370 718,1370 716,1363"/>
          <TextEquiv conf="0.91544336">
            <Unicode>ſanorum</Unicode>
          </TextEquiv>
        </Word>
        <Word id="region0002_line0002_word0005" custom="readingOrder {index:5;}">
          <Coords points="856,1367 852,1370 851,1370 850,1410 854,1410 855,1410 856,1410 1035,1414 1036,1378 1003,1376 998,1373 927,1375 921,1369 897,1368 896,1372 869,1371 864,1367"/>
          <TextEquiv conf="0.9244487">
            <Unicode>verborum,</Unicode>
          </TextEquiv>
        </Word>
        <Word id="region0002_line0002_word0006" custom="readingOrder {index:6;}">
          <Coords points="1080,1371 1079,1380 1050,1378 1050,1408 1150,1410 1150,1381 1115,1380 1113,1372"/>
          <TextEquiv conf="0.8254424">
            <Unicode>nullam</Unicode>
          </TextEquiv>
        </Word>
        <Word id="region0002_line0002_word0007" custom="readingOrder {index:7;}">
          <Coords points="1179,1373 1174,1374 1174,1374 1173,1426 1174,1426 1174,1426 1324,1429 1325,1391 1262,1388 1261,1381 1255,1378 1243,1379 1238,1387 1205,1386 1200,1384 1200,1376 1190,1373"/>
          <TextEquiv conf="0.91149783">
            <Unicode>ſpeciem,</Unicode>
          </TextEquiv>
        </Word>
        <TextEquiv>
          <Unicode>cleſiæ oportet ſequi ſenſum ſanorum verborum, nullam ſpeciem,</Unicode>
        </TextEquiv>
      </TextLine>
      <TextLine id="region0002_line0003" custom="readingOrder {index:2;}">
        <Coords points="845,1411 832,1414 827,1422 807,1422 803,1416 793,1412 781,1413 776,1421 766,1421 759,1413 736,1412 729,1422 694,1421 690,1414 677,1414 670,1421 588,1423 564,1426 530,1425 506,1430 480,1429 479,1421 474,1419 453,1419 448,1422 444,1429 406,1426 343,1431 328,1429 323,1425 285,1426 284,1418 280,1416 272,1416 249,1426 226,1422 186,1422 187,1465 439,1472 482,1471 493,1467 567,1471 618,1467 629,1468 637,1476 646,1476 656,1475 667,1469 678,1467 763,1463 835,1464 836,1474 846,1478 863,1465 908,1469 1055,1473 1110,1478 1211,1480 1247,1485 1334,1485 1335,1451 1306,1445 1305,1438 1295,1434 1280,1434 1272,1442 1247,1440 1239,1432 1230,1432 1223,1440 1209,1438 1203,1429 1189,1439 1173,1436 1060,1433 1058,1422 1041,1420 1028,1425 1024,1430 991,1430 987,1420 978,1417 960,1417 956,1419 954,1427 947,1427 913,1424 908,1416 893,1416 884,1420 878,1414 868,1414 862,1418 860,1413"/>
        <Baseline points="186,1455 429,1462 778,1453 1335,1476"/>
        <Word id="region0002_line0003_word0000" custom="readingOrder {index:0;}">
          <Coords points="209,1442 334,1445 334,1429 328,1429 323,1425 285,1426 284,1418 280,1416 272,1416 249,1426 226,1422 209,1422"/>
          <TextEquiv conf="0.8855253">
            <Unicode>nullam</Unicode>
          </TextEquiv>
        </Word>
        <Word id="region0002_line0003_word0001" custom="readingOrder {index:1;}">
          <Coords points="370,1444 573,1449 573,1424 564,1426 530,1425 506,1430 480,1429 479,1421 474,1419 453,1419 448,1422 444,1429 406,1426 370,1428"/>
          <TextEquiv conf="0.89357734">
            <Unicode>occaſionem</Unicode>
          </TextEquiv>
        </Word>
        <Word id="region0002_line0003_word0002" custom="readingOrder {index:2;}">
          <Coords points="733,1415 729,1422 694,1421 690,1414 677,1414 670,1421 611,1422 611,1461 737,1464 763,1463 808,1463 808,1422 807,1422 803,1416 778,1416 776,1421 766,1421 761,1415"/>
          <TextEquiv conf="0.32837027">
            <Unicode>ægritudinis</Unicode>
          </TextEquiv>
        </Word>
        <Word id="region0002_line0003_word0003" custom="readingOrder {index:3;}">
          <Coords points="834,1414 833,1463 835,1464 835,1468 858,1468 863,1465 908,1469 999,1471 999,1430 991,1430 987,1420 979,1417 959,1417 956,1419 954,1427 947,1427 913,1424 908,1416 893,1416 884,1420 879,1415 866,1414 862,1418 860,1414"/>
          <TextEquiv conf="0.020856475">
            <Unicode>ſpiritualis</Unicode>
          </TextEquiv>
        </Word>
        <Word id="region0002_line0003_word0004" custom="readingOrder {index:4;}">
          <Coords points="1040,1420 1030,1423 1030,1459 1084,1461 1084,1433 1060,1433 1058,1422 1045,1420"/>
          <TextEquiv conf="0.9220575">
            <Unicode>ſeu</Unicode>
          </TextEquiv>
        </Word>
        <Word id="region0002_line0003_word0005" custom="readingOrder {index:5;}">
          <Coords points="1102,1460 1216,1462 1216,1439 1209,1438 1203,1429 1189,1439 1173,1436 1102,1434"/>
          <TextEquiv conf="0.8616183">
            <Unicode>erroris</Unicode>
          </TextEquiv>
        </Word>
        <Word id="region0002_line0003_word0006" custom="readingOrder {index:6;}">
          <Coords points="1232,1463 1264,1464 1264,1441 1247,1440 1239,1432 1232,1432"/>
          <TextEquiv conf="0.8989065">
            <Unicode>in</Unicode>
          </TextEquiv>
        </Word>
        <Word id="region0002_line0003_word0007" custom="readingOrder {index:7;}">
          <Coords points="1278,1467 1323,1468 1323,1448 1306,1445 1305,1438 1295,1434 1280,1434 1278,1435"/>
          <TextEquiv conf="0.9074042">
            <Unicode>fi-</Unicode>
          </TextEquiv>
        </Word>
        <TextEquiv conf="0.7147895">
          <Unicode>nullam occaſionem ægritudinis ſpiritualis ſeu erroris in fi-</Unicode>
        </TextEquiv>
      </TextLine>
      <TextLine id="region0002_line0004" custom="readingOrder {index:3;}">
        <Coords points="763,1464 721,1466 715,1473 666,1474 646,1477 637,1477 631,1473 621,1473 616,1468 609,1467 594,1468 584,1475 574,1477 511,1478 509,1470 493,1468 481,1472 476,1479 456,1479 426,1478 423,1472 410,1470 399,1477 300,1478 297,1471 280,1469 276,1471 274,1478 236,1478 232,1468 220,1466 210,1470 208,1478 186,1477 186,1516 252,1517 308,1521 309,1525 315,1528 332,1530 350,1522 373,1520 507,1521 513,1528 525,1530 532,1527 546,1529 554,1522 557,1516 606,1519 658,1518 665,1515 783,1516 939,1522 948,1536 956,1537 966,1535 969,1524 1073,1530 1100,1536 1153,1537 1163,1532 1176,1533 1182,1536 1267,1542 1335,1543 1335,1500 1227,1495 1226,1486 1221,1483 1143,1479 1133,1481 1129,1489 1117,1488 1105,1487 1099,1478 1086,1478 1081,1487 1075,1486 1068,1477 1046,1474 1040,1477 1038,1485 1032,1485 1025,1483 1021,1475 1015,1473 1003,1473 992,1482 963,1481 949,1478 948,1473 942,1470 926,1470 921,1476 914,1476 907,1469 896,1469 889,1476 869,1476 868,1469 863,1466 846,1479 815,1474 809,1465"/>
        <Baseline points="186,1506 496,1512 728,1504 1335,1533"/>
        <Word id="region0002_line0004_word0000" custom="readingOrder {index:0;}">
          <Coords points="208,1498 250,1499 250,1478 236,1478 232,1468 220,1466 210,1470 208,1475"/>
          <TextEquiv conf="0.8523271">
            <Unicode>de</Unicode>
          </TextEquiv>
        </Word>
        <Word id="region0002_line0004_word0001" custom="readingOrder {index:1;}">
          <Coords points="273,1510 458,1514 459,1479 456,1479 426,1478 423,1472 410,1470 399,1477 300,1478 297,1471 280,1469 276,1471 274,1478 274,1478"/>
          <TextEquiv conf="0.8523271">
            <Unicode>dogmatica</Unicode>
          </TextEquiv>
        </Word>
        <Word id="region0002_line0004_word0002" custom="readingOrder {index:2;}">
          <Coords points="593,1468 584,1475 574,1477 511,1478 509,1470 493,1468 482,1471 481,1517 555,1518 557,1516 606,1519 658,1518 665,1515 683,1515 684,1473 666,1474 646,1477 637,1477 631,1473 621,1473 616,1468"/>
          <TextEquiv conf="0.898932">
            <Unicode>ſuppeditare</Unicode>
          </TextEquiv>
        </Word>
        <Word id="region0002_line0004_word0003" custom="readingOrder {index:3;}">
          <Coords points="700,1475 734,1476 734,1509 700,1508"/>
          <TextEquiv conf="0.9088974">
            <Unicode>vi</Unicode>
          </TextEquiv>
        </Word>
        <Word id="region0002_line0004_word0004" custom="readingOrder {index:4;}">
          <Coords points="760,1474 760,1511 907,1514 907,1477 850,1475 846,1479 822,1475"/>
          <TextEquiv conf="0.90104324">
            <Unicode>Mandati</Unicode>
          </TextEquiv>
        </Word>
        <Word id="region0002_line0004_word0005" custom="readingOrder {index:5;}">
          <Coords points="920,1476 919,1521 939,1522 943,1528 967,1529 969,1524 1073,1530 1080,1531 1097,1532 1098,1480 1085,1479 1081,1487 1075,1486 1069,1479 1039,1478 1038,1485 1032,1485 1025,1483 1022,1478 997,1477 992,1482 963,1481 949,1478 948,1476"/>
          <TextEquiv>
            <Unicode>Apoſtolici</Unicode>
          </TextEquiv>
        </Word>
        <Word id="region0002_line0004_word0006" custom="readingOrder {index:6;}">
          <Coords points="1122,1494 1153,1495 1152,1524 1121,1523"/>
          <TextEquiv conf="0.9254567">
            <Unicode>2.</Unicode>
          </TextEquiv>
        </Word>
        <Word id="region0002_line0004_word0007" custom="readingOrder {index:7;}">
          <Coords points="1168,1483 1168,1520 1256,1522 1256,1496 1227,1495 1226,1486 1223,1484"/>
          <TextEquiv conf="0.9009241">
            <Unicode>Tim.</Unicode>
          </TextEquiv>
        </Word>
        <Word id="region0002_line0004_word0008" custom="readingOrder {index:8;}">
          <Coords points="1283,1500 1313,1501 1313,1524 1283,1523"/>
          <TextEquiv conf="0.28326553">
            <Unicode>I.</Unicode>
          </TextEquiv>
        </Word>
        <TextEquiv>
          <Unicode>de dogmatica ſuppeditare vi Mandati Apoſtolici 2. Tim. I.</Unicode>
        </TextEquiv>
      </TextLine>
      <TextLine id="region0002_line0005" custom="readingOrder {index:4;}">
        <Coords points="698,1515 665,1516 656,1518 654,1524 648,1525 586,1529 580,1529 579,1520 575,1518 556,1517 555,1522 546,1530 532,1528 525,1531 510,1527 461,1526 350,1527 319,1530 310,1526 277,1524 269,1519 228,1518 222,1526 186,1525 186,1565 268,1571 286,1577 325,1574 353,1569 370,1569 372,1575 381,1579 395,1578 401,1572 434,1575 440,1579 450,1579 465,1572 476,1572 482,1575 503,1567 581,1571 586,1575 607,1566 621,1570 664,1567 1164,1586 1240,1591 1299,1599 1335,1598 1335,1556 1231,1547 1185,1546 1183,1537 1176,1534 1160,1534 1149,1544 1143,1544 1137,1537 1125,1537 1119,1542 1045,1541 1014,1538 1010,1528 993,1527 989,1530 987,1538 956,1538 948,1537 939,1523 912,1523 904,1532 876,1531 817,1529 813,1519 798,1519 792,1527 731,1525 724,1516"/>
        <Baseline points="186,1555 457,1564 500,1557 781,1560 1335,1589"/>
        <Word id="region0002_line0005_word0000" custom="readingOrder {index:0;}">
          <Coords points="205,1551 254,1552 254,1518 228,1518 222,1526 205,1525"/>
          <TextEquiv conf="0.8912536">
            <Unicode>vſ.</Unicode>
          </TextEquiv>
        </Word>
        <Word id="region0002_line0005_word0001" custom="readingOrder {index:1;}">
          <Coords points="270,1523 270,1559 322,1560 322,1529 319,1530 310,1526 277,1524 275,1523"/>
          <TextEquiv conf="0.8998918">
            <Unicode>13.</Unicode>
          </TextEquiv>
        </Word>
        <Word id="region0002_line0005_word0002" custom="readingOrder {index:2;}">
          <Coords points="344,1561 412,1562 413,1527 388,1526 350,1527 344,1527"/>
          <TextEquiv>
            <Unicode>cap.</Unicode>
          </TextEquiv>
        </Word>
        <Word id="region0002_line0005_word0003" custom="readingOrder {index:3;}">
          <Coords points="430,1563 469,1563 469,1526 461,1526 430,1526"/>
          <TextEquiv conf="0.91675043">
            <Unicode>4.</Unicode>
          </TextEquiv>
        </Word>
        <Word id="region0002_line0005_word0004" custom="readingOrder {index:4;}">
          <Coords points="489,1554 571,1556 571,1520 555,1519 555,1522 546,1530 532,1528 525,1531 510,1527 489,1526"/>
          <TextEquiv conf="0.67729723">
            <Unicode>verſ.</Unicode>
          </TextEquiv>
        </Word>
        <Word id="region0002_line0005_word0005" custom="readingOrder {index:5;}">
          <Coords points="591,1535 622,1536 621,1566 590,1565"/>
          <TextEquiv conf="0.6382805">
            <Unicode>3.</Unicode>
          </TextEquiv>
        </Word>
        <Word id="region0002_line0005_word0006" custom="readingOrder {index:6;}">
          <Coords points="654,1521 654,1524 648,1525 646,1525 646,1559 872,1564 872,1530 817,1529 815,1524 794,1524 792,1527 731,1525 729,1522"/>
          <TextEquiv conf="0.8462808">
            <Unicode>abſtinendum</Unicode>
          </TextEquiv>
        </Word>
        <Word id="region0002_line0005_word0007" custom="readingOrder {index:7;}">
          <Coords points="908,1527 904,1532 890,1531 890,1564 952,1566 952,1537 948,1537 942,1527"/>
          <TextEquiv conf="0.85046697">
            <Unicode>eſſe</Unicode>
          </TextEquiv>
        </Word>
        <Word id="region0002_line0005_word0008" custom="readingOrder {index:8;}">
          <Coords points="991,1528 989,1530 987,1538 979,1538 979,1567 1019,1568 1019,1538 1014,1538 1010,1528"/>
          <TextEquiv conf="0.86560106">
            <Unicode>ab</Unicode>
          </TextEquiv>
        </Word>
        <Word id="region0002_line0005_word0009" custom="readingOrder {index:9;}">
          <Coords points="1043,1567 1135,1569 1135,1537 1125,1537 1119,1542 1045,1541 1043,1540"/>
          <TextEquiv conf="0.9265644">
            <Unicode>omni</Unicode>
          </TextEquiv>
        </Word>
        <Word id="region0002_line0005_word0010" custom="readingOrder {index:10;}">
          <Coords points="1153,1574 1319,1578 1319,1554 1231,1547 1185,1546 1183,1537 1176,1534 1160,1534 1153,1539"/>
          <TextEquiv conf="0.9138061">
            <Unicode>ſermone,</Unicode>
          </TextEquiv>
        </Word>
        <TextEquiv>
          <Unicode>vſ. 13. cap. 4. verſ. 3. abſtinendum eſſe ab omni ſermone,</Unicode>
        </TextEquiv>
      </TextLine>
      <TextLine id="region0002_line0006" custom="readingOrder {index:5;}">
        <Coords points="650,1567 643,1569 637,1580 619,1580 618,1571 610,1568 599,1569 583,1579 483,1578 473,1573 450,1580 398,1577 381,1580 337,1573 333,1576 311,1575 301,1578 259,1573 254,1576 223,1577 215,1570 207,1570 197,1579 186,1578 186,1629 207,1630 219,1627 226,1621 242,1620 480,1619 692,1624 726,1629 775,1626 884,1629 907,1632 909,1640 919,1644 935,1642 939,1634 1092,1639 1104,1640 1110,1649 1120,1651 1137,1650 1144,1642 1149,1641 1335,1649 1335,1606 1247,1602 1236,1592 1212,1590 1206,1598 1192,1598 1171,1597 1167,1588 1155,1587 1141,1596 1068,1595 1026,1592 1018,1582 1008,1582 1000,1591 991,1592 883,1585 876,1584 868,1576 857,1576 851,1584 808,1583 794,1578 783,1578 779,1581 673,1580 669,1570"/>
        <Baseline points="186,1615 461,1609 1335,1639"/>
        <Word id="region0002_line0006_word0000" custom="readingOrder {index:0;}">
          <Coords points="202,1614 296,1616 296,1577 259,1573 254,1576 223,1577 215,1570 207,1570 202,1573"/>
          <TextEquiv conf="0.38008773">
            <Unicode>juxta</Unicode>
          </TextEquiv>
        </Word>
        <Word id="region0002_line0006_word0001" custom="readingOrder {index:1;}">
          <Coords points="470,1573 450,1580 398,1577 381,1580 337,1573 333,1576 311,1575 308,1575 308,1604 571,1610 571,1578 483,1578 474,1573"/>
          <TextEquiv conf="0.9037701">
            <Unicode>communiorem</Unicode>
          </TextEquiv>
        </Word>
        <Word id="region0002_line0006_word0002" custom="readingOrder {index:2;}">
          <Coords points="598,1569 588,1575 588,1614 739,1617 739,1580 673,1580 669,1570 642,1570 637,1580 619,1580 618,1571 613,1569"/>
          <TextEquiv>
            <Unicode>ſenſum,</Unicode>
          </TextEquiv>
        </Word>
        <Word id="region0002_line0006_word0003" custom="readingOrder {index:3;}">
          <Coords points="855,1578 851,1584 808,1583 794,1578 783,1578 779,1581 767,1580 767,1612 884,1614 884,1585 883,1585 876,1584 870,1578"/>
          <TextEquiv conf="0.91348004">
            <Unicode>mentis</Unicode>
          </TextEquiv>
        </Word>
        <Word id="region0002_line0006_word0004" custom="readingOrder {index:4;}">
          <Coords points="905,1629 1072,1632 1072,1595 1068,1595 1026,1592 1018,1582 1008,1582 1000,1591 991,1592 905,1586"/>
          <TextEquiv conf="0.91156924">
            <Unicode>quandam</Unicode>
          </TextEquiv>
        </Word>
        <Word id="region0002_line0006_word0005" custom="readingOrder {index:5;}">
          <Coords points="1089,1633 1313,1638 1313,1605 1247,1602 1236,1592 1212,1590 1206,1598 1192,1598 1171,1597 1167,1588 1155,1587 1141,1596 1089,1595"/>
          <TextEquiv conf="0.77436495">
            <Unicode>ægritudinem</Unicode>
          </TextEquiv>
        </Word>
        <TextEquiv>
          <Unicode>juxta communiorem ſenſum, mentis quandam ægritudinem</Unicode>
        </TextEquiv>
      </TextLine>
      <TextLine id="region0002_line0007" custom="readingOrder {index:6;}">
        <Coords points="480,1620 435,1621 426,1629 394,1630 280,1627 187,1630 187,1684 240,1684 244,1682 246,1673 253,1672 314,1670 372,1673 391,1678 462,1674 612,1678 623,1675 765,1680 767,1689 776,1692 789,1691 793,1683 828,1685 843,1683 855,1686 886,1680 890,1694 923,1697 980,1697 990,1691 1008,1689 1064,1690 1201,1696 1212,1697 1213,1701 1220,1706 1236,1703 1238,1699 1302,1706 1335,1707 1334,1673 1324,1668 1310,1670 1311,1657 1304,1649 1280,1647 1265,1648 1262,1657 1226,1654 1221,1645 1207,1644 1203,1652 1120,1652 1083,1648 1027,1646 1025,1638 1020,1636 1003,1637 1000,1646 992,1646 985,1637 975,1636 968,1645 919,1645 912,1642 860,1640 852,1638 846,1632 834,1631 825,1637 528,1632 524,1623"/>
        <Baseline points="187,1672 259,1661 617,1664 894,1672 920,1683 1057,1680 1335,1697"/>
        <Word id="region0002_line0007_word0000" custom="readingOrder {index:0;}">
          <Coords points="391,1675 392,1635 203,1631 202,1671 253,1672 253,1672 314,1670 372,1673 379,1675"/>
          <TextEquiv>
            <Unicode>generante,</Unicode>
          </TextEquiv>
        </Word>
        <Word id="region0002_line0007_word0001" custom="readingOrder {index:1;}">
          <Coords points="428,1639 455,1639 454,1665 427,1665"/>
          <TextEquiv>
            <Unicode>I.</Unicode>
          </TextEquiv>
        </Word>
        <Word id="region0002_line0007_word0002" custom="readingOrder {index:2;}">
          <Coords points="470,1630 469,1665 556,1667 556,1632 528,1632 527,1630"/>
          <TextEquiv conf="0.8285594">
            <Unicode>Tim.</Unicode>
          </TextEquiv>
        </Word>
        <Word id="region0002_line0007_word0003" custom="readingOrder {index:3;}">
          <Coords points="577,1643 606,1643 605,1666 576,1666"/>
          <TextEquiv conf="0.90998846">
            <Unicode>I.</Unicode>
          </TextEquiv>
        </Word>
        <Word id="region0002_line0007_word0004" custom="readingOrder {index:4;}">
          <Coords points="634,1639 667,1640 666,1669 633,1668"/>
          <TextEquiv>
            <Unicode>v.</Unicode>
          </TextEquiv>
        </Word>
        <Word id="region0002_line0007_word0005" custom="readingOrder {index:5;}">
          <Coords points="683,1642 713,1643 712,1668 682,1667"/>
          <TextEquiv conf="0.91707593">
            <Unicode>I.</Unicode>
          </TextEquiv>
        </Word>
        <Word id="region0002_line0007_word0006" custom="readingOrder {index:6;}">
          <Coords points="804,1683 805,1643 736,1641 735,1678 765,1680 765,1681"/>
          <TextEquiv conf="0.87628573">
            <Unicode>cap.</Unicode>
          </TextEquiv>
        </Word>
        <Word id="region0002_line0007_word0007" custom="readingOrder {index:7;}">
          <Coords points="821,1637 820,1675 901,1677 902,1642 860,1640 852,1638 852,1638"/>
          <TextEquiv>
            <Unicode>6.v.</Unicode>
          </TextEquiv>
        </Word>
        <Word id="region0002_line0007_word0008" custom="readingOrder {index:8;}">
          <Coords points="923,1648 953,1649 952,1686 922,1685"/>
          <TextEquiv conf="0.820521">
            <Unicode>3.</Unicode>
          </TextEquiv>
        </Word>
        <Word id="region0002_line0007_word0009" custom="readingOrder {index:9;}">
          <Coords points="975,1637 974,1684 1122,1688 1122,1652 1120,1652 1083,1648 1027,1646 1025,1638 1002,1637 1000,1646 992,1646 985,1637"/>
          <TextEquiv conf="0.83902">
            <Unicode>jubentur</Unicode>
          </TextEquiv>
        </Word>
        <Word id="word_1657181939400_487" custom="readingOrder {index:10;}">
          <Coords points="1135,1652 1203,1652 1207,1644 1221,1645 1226,1654 1257,1656 1257,1693 1135,1691"/>
          <TextEquiv>
            <Unicode>corripi</Unicode>
          </TextEquiv>
        </Word>
        <Word id="word_1657181939400_486" custom="readingOrder {index:11;}">
          <Coords points="1265,1648 1280,1647 1304,1649 1311,1657 1310,1670 1321,1668 1321,1695 1257,1693 1257,1656 1262,1657"/>
          <TextEquiv>
            <Unicode>illi,</Unicode>
          </TextEquiv>
        </Word>
        <TextEquiv>
          <Unicode>generante, I. Tim. I. v. I. cap. 6.v. 3. jubentur corripi illi,</Unicode>
        </TextEquiv>
      </TextLine>
      <TextLine id="region0002_line0008" custom="readingOrder {index:7;}">
        <Coords points="623,1676 615,1680 608,1690 515,1687 513,1678 509,1676 487,1677 481,1687 477,1678 473,1676 459,1676 455,1685 404,1685 384,1685 381,1678 372,1674 364,1675 360,1684 335,1684 333,1675 328,1671 307,1673 301,1683 292,1673 278,1673 274,1683 270,1683 263,1674 253,1674 246,1683 240,1685 187,1685 186,1722 205,1725 207,1734 223,1737 234,1734 237,1726 371,1728 376,1726 442,1730 638,1734 755,1735 778,1731 914,1739 1120,1743 1132,1746 1133,1756 1141,1758 1189,1759 1207,1751 1282,1756 1287,1762 1293,1762 1303,1754 1335,1757 1335,1711 1281,1709 1245,1703 1223,1707 1203,1702 1181,1708 1089,1702 1083,1694 1064,1691 995,1691 985,1694 982,1700 923,1698 850,1694 849,1687 843,1684 826,1686 824,1693 644,1690 640,1678"/>
        <Baseline points="186,1714 809,1723 1335,1747"/>
        <Word id="region0002_line0008_word0000" custom="readingOrder {index:0;}">
          <Coords points="262,1726 263,1678 250,1678 246,1683 240,1685 203,1685 202,1725 205,1725 205,1725"/>
          <TextEquiv conf="0.9166735">
            <Unicode>qui</Unicode>
          </TextEquiv>
        </Word>
        <Word id="region0002_line0008_word0001" custom="readingOrder {index:1;}">
          <Coords points="308,1672 307,1673 301,1683 292,1673 278,1673 274,1683 271,1683 271,1713 439,1717 439,1685 404,1685 384,1685 381,1678 372,1674 369,1674 364,1675 360,1684 335,1684 333,1675 331,1673"/>
          <TextEquiv conf="0.82542765">
            <Unicode>diſcedunt</Unicode>
          </TextEquiv>
        </Word>
        <Word id="region0002_line0008_word0002" custom="readingOrder {index:2;}">
          <Coords points="460,1679 474,1680 473,1718 459,1717"/>
          <TextEquiv conf="0.82542765">
            <Unicode>à</Unicode>
          </TextEquiv>
        </Word>
        <Word id="region0002_line0008_word0003" custom="readingOrder {index:3;}">
          <Coords points="488,1680 487,1719 596,1721 596,1689 515,1687 513,1680"/>
          <TextEquiv conf="0.88310754">
            <Unicode>forma</Unicode>
          </TextEquiv>
        </Word>
        <Word id="region0002_line0008_word0004" custom="readingOrder {index:4;}">
          <Coords points="614,1681 614,1681 613,1721 766,1724 767,1692 644,1690 641,1682"/>
          <TextEquiv conf="0.9101363">
            <Unicode>ſanorum</Unicode>
          </TextEquiv>
        </Word>
        <Word id="region0002_line0008_word0005" custom="readingOrder {index:5;}">
          <Coords points="826,1686 824,1693 777,1692 776,1723 955,1727 956,1699 923,1698 850,1694 849,1687 848,1687"/>
          <TextEquiv conf="0.8158911">
            <Unicode>verborum</Unicode>
          </TextEquiv>
        </Word>
        <Word id="region0002_line0008_word0006" custom="readingOrder {index:6;}">
          <Coords points="969,1728 1011,1729 1012,1694 986,1693 985,1694 982,1700 969,1699"/>
          <TextEquiv conf="0.92910594">
            <Unicode>ad</Unicode>
          </TextEquiv>
        </Word>
        <Word id="region0002_line0008_word0007" custom="readingOrder {index:7;}">
          <Coords points="1023,1695 1022,1729 1089,1731 1090,1702 1089,1702 1085,1697"/>
          <TextEquiv conf="0.76818657">
            <Unicode>Tit.</Unicode>
          </TextEquiv>
        </Word>
        <Word id="region0002_line0008_word0008" custom="readingOrder {index:8;}">
          <Coords points="1113,1706 1141,1707 1140,1730 1112,1729"/>
          <TextEquiv conf="0.14710113">
            <Unicode>1.</Unicode>
          </TextEquiv>
        </Word>
        <Word id="region0002_line0008_word0009" custom="readingOrder {index:9;}">
          <Coords points="1173,1744 1182,1744 1182,1707 1181,1708 1173,1707"/>
          <TextEquiv>
            <Unicode>9.</Unicode>
          </TextEquiv>
        </Word>
        <Word id="region0002_line0008_word0010" custom="readingOrder {index:10;}">
          <Coords points="1216,1731 1249,1731 1249,1703 1245,1703 1223,1707 1216,1705"/>
          <TextEquiv conf="0.5350456">
            <Unicode>&amp;</Unicode>
          </TextEquiv>
        </Word>
        <Word id="region0002_line0008_word0011" custom="readingOrder {index:11;}">
          <Coords points="1267,1708 1266,1742 1319,1743 1319,1710 1281,1709 1276,1708"/>
          <TextEquiv conf="0.5350456">
            <Unicode>13.</Unicode>
          </TextEquiv>
        </Word>
        <TextEquiv>
          <Unicode>qui diſcedunt à forma ſanorum verborum ad Tit. 1. 9. &amp; 13.</Unicode>
        </TextEquiv>
      </TextLine>
      <TextLine id="region0002_line0009" custom="readingOrder {index:8;}">
        <Coords points="778,1732 756,1735 749,1743 720,1745 681,1742 675,1737 665,1737 653,1742 636,1743 544,1741 528,1733 474,1731 459,1731 449,1738 416,1739 415,1730 410,1727 376,1727 371,1729 370,1738 268,1734 232,1735 224,1738 209,1735 187,1735 186,1769 187,1776 231,1777 241,1788 253,1787 258,1784 259,1778 518,1783 692,1789 708,1786 832,1788 837,1793 845,1794 851,1789 939,1793 945,1789 952,1789 959,1794 1006,1792 1025,1795 1123,1797 1334,1808 1335,1771 1324,1757 1303,1755 1293,1765 1141,1759 1126,1757 1125,1748 1120,1744 949,1741 939,1744 903,1738 877,1739 858,1744 822,1743 817,1736 810,1734"/>
        <Baseline points="186,1766 850,1777 1335,1798"/>
        <Word id="region0002_line0009_word0000" custom="readingOrder {index:0;}">
          <Coords points="202,1739 273,1740 272,1776 201,1775"/>
          <TextEquiv conf="0.9070204">
            <Unicode>cap.</Unicode>
          </TextEquiv>
        </Word>
        <Word id="region0002_line0009_word0001" custom="readingOrder {index:1;}">
          <Coords points="298,1738 332,1739 331,1767 297,1766"/>
          <TextEquiv conf="0.8666426">
            <Unicode>2.</Unicode>
          </TextEquiv>
        </Word>
        <Word id="region0002_line0009_word0002" custom="readingOrder {index:2;}">
          <Coords points="355,1770 413,1771 414,1730 370,1729 370,1738 355,1737"/>
          <TextEquiv>
            <Unicode>vſ.</Unicode>
          </TextEquiv>
        </Word>
        <Word id="region0002_line0009_word0003" custom="readingOrder {index:3;}">
          <Coords points="434,1744 467,1744 466,1770 433,1770"/>
          <TextEquiv>
            <Unicode>2.</Unicode>
          </TextEquiv>
        </Word>
        <Word id="region0002_line0009_word0004" custom="readingOrder {index:4;}">
          <Coords points="490,1737 489,1772 596,1774 596,1742 544,1741 537,1737"/>
          <TextEquiv conf="0.8456784">
            <Unicode>Rom.</Unicode>
          </TextEquiv>
        </Word>
        <Word id="region0002_line0009_word0005" custom="readingOrder {index:5;}">
          <Coords points="654,1741 653,1742 636,1743 631,1743 630,1776 690,1777 691,1743 681,1742 681,1742"/>
          <TextEquiv conf="0.3103717">
            <Unicode>16.</Unicode>
          </TextEquiv>
        </Word>
        <Word id="region0002_line0009_word0006" custom="readingOrder {index:6;}">
          <Coords points="707,1776 787,1777 788,1738 753,1737 749,1743 720,1745 707,1744"/>
          <TextEquiv>
            <Unicode>verſ.</Unicode>
          </TextEquiv>
        </Word>
        <Word id="region0002_line0009_word0007" custom="readingOrder {index:7;}">
          <Coords points="818,1751 872,1752 871,1785 817,1784"/>
          <TextEquiv>
            <Unicode>17.</Unicode>
          </TextEquiv>
        </Word>
        <Word id="region0002_line0009_word0008" custom="readingOrder {index:8;}">
          <Coords points="890,1745 926,1745 925,1780 889,1780"/>
          <TextEquiv conf="0.894304">
            <Unicode>&amp;</Unicode>
          </TextEquiv>
        </Word>
        <Word id="region0002_line0009_word0009" custom="readingOrder {index:9;}">
          <Coords points="947,1747 1004,1748 1003,1786 946,1785"/>
          <TextEquiv conf="0.76415586">
            <Unicode>18.</Unicode>
          </TextEquiv>
        </Word>
        <Word id="region0002_line0009_word0010" custom="readingOrder {index:10;}">
          <Coords points="1059,1746 1058,1784 1154,1786 1154,1759 1141,1759 1126,1757 1125,1748 1124,1747"/>
          <TextEquiv conf="0.89622545">
            <Unicode>Tales</Unicode>
          </TextEquiv>
        </Word>
        <Word id="region0002_line0009_word0011" custom="readingOrder {index:11;}">
          <Coords points="1182,1786 1331,1789 1331,1766 1324,1757 1303,1755 1293,1765 1182,1760"/>
          <TextEquiv conf="0.5620907">
            <Unicode>anomali</Unicode>
          </TextEquiv>
        </Word>
        <TextEquiv>
          <Unicode>cap. 2. vſ. 2. Rom. 16. verſ. 17. &amp; 18. Tales anomali</Unicode>
        </TextEquiv>
      </TextLine>
      <TextLine id="region0002_line0010" custom="readingOrder {index:9;}">
        <Coords points="945,1790 935,1798 931,1804 885,1801 879,1796 870,1796 861,1801 720,1797 715,1800 713,1808 697,1801 668,1799 661,1790 650,1790 644,1798 542,1796 534,1795 527,1786 510,1783 503,1787 501,1794 490,1794 483,1786 472,1786 465,1794 438,1795 425,1794 423,1786 416,1781 396,1783 390,1790 309,1785 281,1787 257,1785 250,1789 241,1789 231,1778 214,1778 209,1780 204,1788 187,1789 186,1816 187,1826 259,1825 397,1833 548,1836 550,1842 558,1845 574,1845 579,1838 670,1838 698,1844 778,1848 791,1852 801,1843 833,1844 840,1840 894,1842 900,1851 913,1853 920,1851 927,1844 942,1845 951,1838 959,1838 967,1845 1010,1852 1030,1851 1038,1855 1048,1853 1052,1856 1100,1849 1140,1850 1160,1852 1166,1862 1174,1863 1184,1860 1189,1854 1208,1854 1218,1847 1224,1848 1231,1856 1247,1859 1334,1862 1335,1824 1283,1822 1275,1812 1265,1813 1260,1820 1250,1819 1242,1811 1233,1811 1227,1816 1224,1804 1212,1801 1196,1814 1176,1812 1172,1809 1147,1810 1141,1805 1128,1805 1122,1810 1109,1809 1104,1798 1093,1797 1088,1801 1085,1809 1072,1808 1065,1797 1048,1796 1043,1800 1041,1809 958,1807 959,1795 952,1790"/>
        <Baseline points="186,1817 732,1836 872,1831 1217,1847 1224,1848 1334,1853"/>
        <Word id="region0002_line0010_word0000" custom="readingOrder {index:0;}">
          <Coords points="207,1782 204,1788 201,1788 201,1814 357,1817 357,1788 309,1785 281,1787 257,1785 250,1789 241,1789 235,1782"/>
          <TextEquiv>
            <Unicode>dicuntur</Unicode>
          </TextEquiv>
        </Word>
        <Word id="region0002_line0010_word0001" custom="readingOrder {index:1;}">
          <Coords points="395,1783 394,1784 394,1819 483,1821 483,1787 483,1786 472,1786 465,1794 438,1795 425,1794 423,1786 419,1783"/>
          <TextEquiv conf="0.8663853">
            <Unicode>ſuavi</Unicode>
          </TextEquiv>
        </Word>
        <Word id="region0002_line0010_word0002" custom="readingOrder {index:2;}">
          <Coords points="511,1785 510,1832 712,1837 712,1807 697,1801 668,1799 661,1790 650,1790 644,1798 542,1796 534,1795 527,1786 523,1785"/>
          <TextEquiv>
            <Unicode>loquentia,</Unicode>
          </TextEquiv>
        </Word>
        <Word id="region0002_line0010_word0003" custom="readingOrder {index:3;}">
          <Coords points="975,1843 975,1807 958,1807 959,1795 952,1790 945,1790 935,1798 931,1804 885,1801 879,1796 870,1796 861,1801 756,1798 756,1839 839,1840 840,1840 868,1841 945,1842 951,1838 959,1838 964,1842"/>
          <TextEquiv>
            <Unicode>χϱϰϛολογία</Unicode>
          </TextEquiv>
        </Word>
        <Word id="region0002_line0010_word0004" custom="readingOrder {index:4;}">
          <Coords points="1012,1838 1068,1839 1068,1802 1065,1797 1048,1796 1043,1800 1041,1809 1012,1808"/>
          <TextEquiv>
            <Unicode>ϰαϳ</Unicode>
          </TextEquiv>
        </Word>
        <Word id="region0002_line0010_word0005" custom="readingOrder {index:5;}">
          <Coords points="1091,1842 1241,1845 1241,1811 1233,1811 1227,1816 1224,1804 1212,1801 1196,1814 1176,1812 1172,1809 1147,1810 1141,1805 1128,1805 1122,1810 1109,1809 1104,1798 1093,1797 1091,1797"/>
          <TextEquiv>
            <Unicode>ευλογία</Unicode>
          </TextEquiv>
        </Word>
        <Word id="region0002_line0010_word0006" custom="readingOrder {index:6;}">
          <Coords points="1266,1837 1327,1838 1327,1823 1283,1822 1275,1812 1266,1812"/>
          <TextEquiv>
            <Unicode>ſeu</Unicode>
          </TextEquiv>
        </Word>
        <TextEquiv>
          <Unicode>dicuntur ſuavi loquentia, χϱϰϛολογία ϰαϳ ευλογία ſeu</Unicode>
        </TextEquiv>
      </TextLine>
      <TextLine id="region0002_line0011" custom="readingOrder {index:10;}">
        <Coords points="951,1839 942,1846 941,1854 882,1851 875,1843 866,1843 858,1851 824,1849 821,1844 801,1844 791,1853 778,1849 678,1846 670,1839 662,1839 654,1845 645,1845 633,1845 628,1838 615,1838 607,1845 558,1846 550,1843 521,1842 435,1841 399,1836 357,1837 350,1830 337,1830 331,1836 322,1836 266,1836 264,1828 259,1826 233,1826 226,1829 220,1837 187,1838 187,1880 391,1878 419,1878 432,1885 437,1882 533,1883 540,1880 558,1880 563,1884 671,1886 687,1882 728,1888 910,1891 913,1894 925,1885 930,1885 940,1894 1033,1899 1046,1900 1050,1903 1095,1900 1173,1902 1179,1905 1335,1912 1335,1877 1322,1876 1307,1870 1286,1868 1283,1862 1277,1860 1264,1862 1262,1867 1225,1866 1231,1857 1222,1848 1216,1849 1208,1855 1211,1864 1172,1864 1083,1861 1039,1857 1030,1852 1022,1851 1016,1855 966,1853 967,1846 963,1842"/>
        <Baseline points="187,1871 717,1876 1335,1903"/>
        <Word id="region0002_line0011_word0000" custom="readingOrder {index:0;}">
          <Coords points="250,1826 233,1826 226,1829 220,1837 203,1837 203,1867 434,1872 434,1840 399,1836 357,1837 350,1830 337,1830 331,1836 322,1836 266,1836 264,1828 259,1826"/>
          <TextEquiv conf="0.3238431">
            <Unicode>aſſentatione,</Unicode>
          </TextEquiv>
        </Word>
        <Word id="region0002_line0011_word0001" custom="readingOrder {index:1;}">
          <Coords points="451,1867 738,1873 738,1847 678,1846 670,1839 662,1839 654,1845 645,1845 633,1845 628,1838 615,1838 607,1845 558,1846 550,1843 521,1842 451,1841"/>
          <TextEquiv conf="0.8860495">
            <Unicode>commendatione</Unicode>
          </TextEquiv>
        </Word>
        <Word id="region0002_line0011_word0002" custom="readingOrder {index:2;}">
          <Coords points="747,1878 908,1881 908,1852 882,1851 875,1843 866,1843 858,1851 824,1849 821,1844 801,1844 791,1853 778,1849 747,1848"/>
          <TextEquiv>
            <Unicode>utilitatis,</Unicode>
          </TextEquiv>
        </Word>
        <Word id="region0002_line0011_word0003" custom="readingOrder {index:3;}">
          <Coords points="923,1881 1065,1884 1065,1859 1039,1857 1030,1852 1022,1851 1016,1855 966,1853 967,1846 963,1842 951,1839 942,1846 941,1854 923,1853"/>
          <TextEquiv conf="0.6897316">
            <Unicode>pietatis,</Unicode>
          </TextEquiv>
        </Word>
        <Word id="region0002_line0011_word0004" custom="readingOrder {index:4;}">
          <Coords points="1088,1879 1125,1880 1125,1862 1088,1861"/>
          <TextEquiv conf="0.92012435">
            <Unicode>ac</Unicode>
          </TextEquiv>
        </Word>
        <Word id="word_1657182234992_620" custom="readingOrder {index:5;}">
          <Coords points="1138,1862 1213,1868 1233,1871 1287,1872 1319,1874 1319,1900 1138,1893"/>
          <TextEquiv>
            <Unicode>acuminis,</Unicode>
          </TextEquiv>
        </Word>
        <TextEquiv>
          <Unicode>aſſentatione, commendatione utilitatis, pietatis, ac acuminis,</Unicode>
        </TextEquiv>
      </TextLine>
      <TextLine id="region0002_line0012" custom="readingOrder {index:11;}">
        <Coords points="925,1886 913,1895 910,1892 890,1892 879,1897 830,1896 761,1888 742,1892 722,1888 714,1895 707,1895 707,1888 699,1883 687,1883 666,1887 660,1893 627,1892 621,1885 607,1885 602,1891 563,1891 563,1885 558,1881 540,1881 531,1884 525,1890 488,1889 485,1883 476,1882 468,1884 464,1889 431,1890 431,1885 419,1879 391,1879 386,1880 378,1890 342,1889 340,1881 326,1878 319,1881 316,1889 299,1890 293,1881 279,1880 273,1891 186,1892 186,1934 199,1935 201,1945 207,1949 224,1949 231,1935 293,1935 298,1946 315,1947 321,1941 321,1934 330,1933 440,1933 445,1945 458,1946 470,1944 479,1934 549,1932 557,1927 591,1932 665,1934 676,1929 690,1929 710,1935 711,1943 717,1947 728,1946 737,1934 809,1937 839,1941 843,1944 894,1941 1102,1947 1196,1955 1335,1960 1335,1919 1209,1913 1173,1903 1162,1902 1156,1908 1141,1909 1099,1907 1087,1904 1056,1906 943,1902 941,1895 936,1890"/>
        <Baseline points="186,1925 563,1921 1335,1949"/>
        <Word id="region0002_line0012_word0000" custom="readingOrder {index:0;}">
          <Coords points="199,1931 284,1933 284,1880 279,1880 273,1891 199,1891"/>
          <TextEquiv conf="0.9108743">
            <Unicode>quod</Unicode>
          </TextEquiv>
        </Word>
        <Word id="region0002_line0012_word0001" custom="readingOrder {index:1;}">
          <Coords points="325,1878 319,1881 316,1889 304,1890 303,1931 406,1933 440,1933 440,1934 479,1934 479,1934 508,1933 510,1890 488,1889 485,1883 476,1882 468,1884 464,1889 431,1890 431,1885 422,1880 388,1880 386,1880 378,1890 342,1889 340,1881 328,1878"/>
          <TextEquiv conf="0.71617997">
            <Unicode>phraſelogiæ</Unicode>
          </TextEquiv>
        </Word>
        <Word id="region0002_line0012_word0002" custom="readingOrder {index:2;}">
          <Coords points="532,1884 531,1922 593,1923 594,1891 563,1891 563,1885 562,1884"/>
          <TextEquiv>
            <Unicode>ſuæ</Unicode>
          </TextEquiv>
        </Word>
        <Word id="region0002_line0012_word0003" custom="readingOrder {index:3;}">
          <Coords points="610,1887 609,1924 708,1926 708,1895 707,1895 707,1888 664,1888 660,1893 627,1892 622,1887"/>
          <TextEquiv conf="0.79475486">
            <Unicode>ineſſe</Unicode>
          </TextEquiv>
        </Word>
        <Word id="region0002_line0012_word0004" custom="readingOrder {index:4;}">
          <Coords points="720,1893 719,1939 733,1939 737,1934 809,1937 839,1941 839,1941 858,1942 858,1896 830,1896 823,1895"/>
          <TextEquiv conf="0.58394593">
            <Unicode>jactant,</Unicode>
          </TextEquiv>
        </Word>
        <Word id="region0002_line0012_word0005" custom="readingOrder {index:5;}">
          <Coords points="925,1886 913,1895 910,1892 890,1892 886,1894 885,1930 1037,1934 1038,1905 943,1902 941,1895 936,1890 925,1886"/>
          <TextEquiv conf="0.91864586">
            <Unicode>feducere</Unicode>
          </TextEquiv>
        </Word>
        <Word id="region0002_line0012_word0006" custom="readingOrder {index:6;}">
          <Coords points="1066,1905 1056,1906 1053,1905 1053,1933 1149,1935 1149,1908 1141,1909 1099,1907 1094,1905"/>
          <TextEquiv conf="0.8277008">
            <Unicode>etiam</Unicode>
          </TextEquiv>
        </Word>
        <Word id="region0002_line0012_word0007" custom="readingOrder {index:7;}">
          <Coords points="1166,1937 1323,1940 1323,1918 1209,1913 1173,1903 1166,1902"/>
          <TextEquiv>
            <Unicode>homines</Unicode>
          </TextEquiv>
        </Word>
        <TextEquiv>
          <Unicode>quod phraſelogiæ ſuæ ineſſe jactant, feducere etiam homines</Unicode>
        </TextEquiv>
      </TextLine>
      <TextLine id="region0002_line0013" custom="readingOrder {index:12;}">
        <Coords points="676,1930 665,1935 664,1947 592,1947 592,1933 557,1928 549,1933 548,1948 467,1947 440,1950 408,1949 406,1941 400,1936 386,1938 382,1950 367,1950 284,1950 277,1940 266,1939 261,1943 259,1950 249,1951 244,1943 231,1941 224,1950 186,1949 186,1992 258,1995 421,1993 439,1994 445,1999 455,1999 462,1994 475,1995 484,1991 524,1989 528,2003 545,2005 553,2002 555,1988 603,1989 613,1994 625,1994 630,1991 705,1989 868,1993 878,1994 883,1998 892,1999 896,1996 978,1998 989,2002 1019,2005 1084,2004 1188,2010 1207,2008 1259,2016 1335,2017 1335,1976 1329,1976 1322,1969 1311,1969 1306,1974 1298,1966 1288,1966 1277,1973 1202,1969 1173,1967 1164,1956 1150,1958 1145,1954 1129,1954 1120,1962 1115,1961 1113,1951 1102,1948 1082,1952 1073,1961 1055,1960 1039,1952 1011,1951 1004,1947 966,1953 962,1953 955,1946 944,1946 938,1950 932,1946 924,1945 913,1956 888,1955 883,1950 867,1953 826,1948 814,1951 813,1942 809,1938 794,1939 782,1950 758,1951 755,1949 754,1941 747,1936 737,1935 728,1950 706,1950 699,1947 702,1935 690,1930"/>
        <Baseline points="186,1982 661,1979 1335,2007"/>
        <Word id="region0002_line0013_word0000" custom="readingOrder {index:0;}">
          <Coords points="195,1978 330,1981 332,1950 284,1950 277,1940 266,1939 261,1943 259,1950 249,1951 244,1943 231,1941 224,1950 197,1949"/>
          <TextEquiv conf="0.8946159">
            <Unicode>minime</Unicode>
          </TextEquiv>
        </Word>
        <Word id="region0002_line0013_word0001" custom="readingOrder {index:1;}">
          <Coords points="341,1977 459,1979 459,1947 440,1950 408,1949 406,1941 400,1936 386,1938 382,1950 367,1950 341,1950"/>
          <TextEquiv conf="0.8795871">
            <Unicode>malos,</Unicode>
          </TextEquiv>
        </Word>
        <Word id="region0002_line0013_word0002" custom="readingOrder {index:2;}">
          <Coords points="631,1947 592,1947 592,1933 557,1928 549,1933 548,1948 485,1947 484,1988 554,1989 555,1988 603,1989 606,1990 630,1991"/>
          <TextEquiv>
            <Unicode>ϰαϱδίας</Unicode>
          </TextEquiv>
        </Word>
        <Word id="region0002_line0013_word0003" custom="readingOrder {index:3;}">
          <Coords points="679,1930 676,1930 665,1935 664,1947 644,1947 644,1975 713,1977 713,1950 706,1950 699,1947 702,1935 690,1930"/>
          <TextEquiv>
            <Unicode>τῶν</Unicode>
          </TextEquiv>
        </Word>
        <Word id="region0002_line0013_word0004" custom="readingOrder {index:4;}">
          <Coords points="735,1937 729,1947 729,1980 893,1984 893,1955 888,1955 883,1950 867,1953 826,1948 814,1951 813,1942 809,1938 798,1938 794,1939 782,1950 758,1951 755,1949 754,1941 749,1937"/>
          <TextEquiv>
            <Unicode>ὰϰάϰων,</Unicode>
          </TextEquiv>
        </Word>
        <Word id="region0002_line0013_word0005" custom="readingOrder {index:5;}">
          <Coords points="923,1946 923,1980 956,1981 956,1947 943,1946 938,1950 932,1946"/>
          <TextEquiv conf="0.9168532">
            <Unicode>id</Unicode>
          </TextEquiv>
        </Word>
        <Word id="region0002_line0013_word0006" custom="readingOrder {index:6;}">
          <Coords points="998,1947 970,1952 970,1987 1031,1989 1031,1951 1011,1951 1006,1948"/>
          <TextEquiv>
            <Unicode>eſt,</Unicode>
          </TextEquiv>
        </Word>
        <Word id="region0002_line0013_word0007" custom="readingOrder {index:7;}">
          <Coords points="1058,1984 1263,1989 1263,1972 1202,1969 1173,1967 1164,1956 1150,1958 1145,1954 1129,1954 1120,1962 1115,1961 1113,1951 1102,1948 1082,1952 1073,1961 1058,1960"/>
          <TextEquiv conf="0.32006234">
            <Unicode>affectionem</Unicode>
          </TextEquiv>
        </Word>
        <Word id="region0002_line0013_word0008" custom="readingOrder {index:8;}">
          <Coords points="1278,1990 1319,1991 1319,1969 1311,1969 1306,1974 1298,1966 1288,1966 1278,1972"/>
          <TextEquiv conf="0.9215846">
            <Unicode>&amp;</Unicode>
          </TextEquiv>
        </Word>
        <TextEquiv>
          <Unicode>minime malos, ϰαϱδίας τῶν ὰϰάϰων, id eſt, affectionem &amp;</Unicode>
        </TextEquiv>
      </TextLine>
      <TextLine id="region0002_line0014" custom="readingOrder {index:13;}">
        <Coords points="834,1993 828,1997 826,2006 623,2003 552,2003 545,2006 500,2003 498,1996 493,1992 477,1995 474,2003 425,2005 411,2004 407,1996 395,1995 388,2004 343,2005 339,1995 324,1993 320,1995 318,2005 224,2004 213,2003 211,1995 192,1993 186,1993 186,2045 387,2049 825,2048 1075,2057 1283,2069 1335,2068 1335,2034 1317,2034 1287,2025 1221,2023 1218,2013 1207,2009 1193,2011 1187,2020 1178,2020 1176,2012 1168,2009 1159,2009 1154,2018 1101,2009 1097,2006 1068,2009 1061,2004 1049,2005 1045,2012 991,2011 988,2002 978,1999 962,2000 957,2007 850,2006 844,1995"/>
        <Baseline points="186,2034 749,2038 1335,2059"/>
        <Word id="region0002_line0014_word0000" custom="readingOrder {index:0;}">
          <Coords points="196,2024 457,2029 457,2003 425,2005 411,2004 407,1996 395,1995 388,2004 343,2005 339,1995 324,1993 320,1995 318,2005 224,2004 213,2003 211,1995 196,1993"/>
          <TextEquiv conf="0.84524673">
            <Unicode>benevolentiam</Unicode>
          </TextEquiv>
        </Word>
        <Word id="region0002_line0014_word0001" custom="readingOrder {index:1;}">
          <Coords points="483,2027 657,2031 657,2003 623,2003 552,2003 545,2006 500,2003 498,1996 493,1992 483,1993"/>
          <TextEquiv>
            <Unicode>hominum</Unicode>
          </TextEquiv>
        </Word>
        <Word id="region0002_line0014_word0002" custom="readingOrder {index:2;}">
          <Coords points="685,2006 760,2008 759,2033 684,2031"/>
          <TextEquiv conf="0.85346514">
            <Unicode>non</Unicode>
          </TextEquiv>
        </Word>
        <Word id="region0002_line0014_word0003" custom="readingOrder {index:3;}">
          <Coords points="829,1996 828,1997 826,2006 780,2005 780,2033 950,2037 950,2006 850,2006 844,1996"/>
          <TextEquiv conf="0.89509094">
            <Unicode>malorum</Unicode>
          </TextEquiv>
        </Word>
        <Word id="region0002_line0014_word0004" custom="readingOrder {index:4;}">
          <Coords points="974,1999 962,1999 962,2038 1060,2040 1060,2004 1049,2005 1045,2012 991,2011 988,2002 979,1999"/>
          <TextEquiv conf="0.81114733">
            <Unicode>furati</Unicode>
          </TextEquiv>
        </Word>
        <Word id="region0002_line0014_word0005" custom="readingOrder {index:5;}">
          <Coords points="1087,2007 1077,2007 1077,2041 1112,2041 1112,2011 1101,2009 1098,2007"/>
          <TextEquiv conf="0.9269933">
            <Unicode>&amp;</Unicode>
          </TextEquiv>
        </Word>
        <Word id="region0002_line0014_word0006" custom="readingOrder {index:6;}">
          <Coords points="1131,2042 1171,2043 1171,2010 1168,2009 1159,2009 1154,2018 1131,2014"/>
          <TextEquiv conf="0.8913803">
            <Unicode>ad</Unicode>
          </TextEquiv>
        </Word>
        <Word id="region0002_line0014_word0007" custom="readingOrder {index:7;}">
          <Coords points="1190,2044 1220,2045 1220,2021 1218,2013 1207,2009 1193,2011 1190,2014"/>
          <TextEquiv conf="0.91812897">
            <Unicode>ſe</Unicode>
          </TextEquiv>
        </Word>
        <Word id="region0002_line0014_word0008" custom="readingOrder {index:8;}">
          <Coords points="1244,2046 1313,2048 1313,2032 1287,2025 1244,2023"/>
          <TextEquiv conf="0.90639734">
            <Unicode>tra-</Unicode>
          </TextEquiv>
        </Word>
        <TextEquiv>
          <Unicode>benevolentiam hominum non malorum furati &amp; ad ſe tra-</Unicode>
        </TextEquiv>
      </TextLine>
      <TextLine id="region0002_line0015" custom="readingOrder {index:14;}">
        <Coords points="186,2046 186,2096 332,2095 333,2066 328,2061 288,2060 273,2055 261,2058 214,2057 207,2047"/>
        <Baseline points="186,2087 332,2090"/>
        <Word id="region0002_line0015_word0000" custom="readingOrder {index:0;}">
          <Coords points="192,2052 191,2091 280,2093 280,2057 273,2055 261,2058 214,2057 210,2052"/>
          <TextEquiv conf="0.9127395">
            <Unicode>here.</Unicode>
          </TextEquiv>
        </Word>
        <TextEquiv conf="0.9127395">
          <Unicode>here.</Unicode>
        </TextEquiv>
      </TextLine>
      <TextEquiv>
        <Unicode>I. Rationes ſunt ſequentes. Nam primò, Doctorem Ec-
cleſiæ oportet ſequi ſenſum ſanorum verborum, nullam ſpeciem,
nullam occaſionem ægritudinis ſpiritualis ſeu erroris in fi-
de dogmatica ſuppeditare vi Mandati Apoſtolici 2. Tim. I.
vſ. 13. cap. 4. verſ. 3. abſtinendum eſſe ab omni ſermone,
juxta communiorem ſenſum, mentis quandam ægritudinem
generante, I. Tim. I. v. I. cap. 6.v. 3. jubentur corripi illi,
qui diſcedunt à forma ſanorum verborum ad Tit. 1. 9. &amp; 13.
cap. 2. vſ. 2. Rom. 16. verſ. 17. &amp; 18. Tales anomali
dicuntur ſuavi loquentia, χϱϰϛολογία ϰαϳ ευλογία ſeu
aſſentatione, commendatione utilitatis, pietatis, ac acuminis,
quod phraſelogiæ ſuæ ineſſe jactant, feducere etiam homines
minime malos, ϰαϱδίας τῶν ὰϰάϰων, id eſt, affectionem &amp;
benevolentiam hominum non malorum furati &amp; ad ſe tra-
here.</Unicode>
      </TextEquiv>
    </TextRegion>
    <TextRegion orientation="-1.23022" readingDirection="left-to-right" id="region0005" custom="readingOrder {index:3;}">
      <Coords points="180,2117 1312,2117 1303,2450 171,2450"/>
      <TextLine id="region0005_line0001" custom="readingOrder {index:0;}">
        <Coords points="705,2117 701,2123 692,2127 690,2135 669,2135 621,2134 616,2126 603,2125 596,2133 566,2134 567,2117 541,2118 532,2125 527,2134 498,2133 491,2123 480,2123 472,2132 440,2123 288,2123 283,2128 282,2157 291,2163 291,2172 296,2177 362,2179 367,2176 395,2178 497,2175 654,2179 853,2176 1047,2184 1116,2184 1140,2191 1145,2198 1151,2200 1168,2199 1177,2193 1197,2191 1312,2193 1312,2152 1092,2143 1083,2138 1063,2142 1040,2141 1033,2135 1024,2135 1018,2141 1011,2141 1005,2130 993,2130 987,2139 977,2139 975,2132 970,2128 946,2127 938,2137 934,2137 906,2133 902,2126 888,2123 837,2122 830,2128 828,2135 809,2132 761,2134 755,2126 745,2125 737,2135 733,2135 722,2132 721,2117"/>
        <Baseline points="291,2166 849,2166 1312,2183"/>
        <Word id="region0005_line0001_word0000" custom="readingOrder {index:0;}">
          <Coords points="344,2158 387,2159 388,2123 344,2123"/>
          <TextEquiv>
            <Unicode>II.</Unicode>
          </TextEquiv>
        </Word>
        <Word id="region0005_line0001_word0001" custom="readingOrder {index:1;}">
          <Coords points="413,2158 514,2160 514,2133 498,2133 491,2123 480,2123 472,2132 440,2123 413,2123"/>
          <TextEquiv conf="0.8972574">
            <Unicode>Ratio</Unicode>
          </TextEquiv>
        </Word>
        <Word id="region0005_line0001_word0002" custom="readingOrder {index:2;}">
          <Coords points="532,2158 670,2161 670,2135 669,2135 621,2134 616,2126 603,2125 596,2133 566,2134 567,2117 541,2118 532,2124"/>
          <TextEquiv conf="0.88483703">
            <Unicode>ſumitur</Unicode>
          </TextEquiv>
        </Word>
        <Word id="region0005_line0001_word0003" custom="readingOrder {index:3;}">
          <Coords points="707,2117 705,2117 701,2123 692,2127 690,2135 681,2135 681,2160 731,2162 731,2134 722,2132 721,2117"/>
          <TextEquiv conf="0.4857988">
            <Unicode>ab</Unicode>
          </TextEquiv>
        </Word>
        <Word id="region0005_line0001_word0004" custom="readingOrder {index:4;}">
          <Coords points="745,2125 744,2126 743,2163 916,2167 917,2135 906,2133 904,2129 831,2127 830,2128 828,2135 809,2132 761,2134 755,2126 745,2125"/>
          <TextEquiv conf="0.79426897">
            <Unicode>interdicto</Unicode>
          </TextEquiv>
        </Word>
        <Word id="region0005_line0001_word0005" custom="readingOrder {index:5;}">
          <Coords points="942,2132 938,2137 938,2137 937,2167 1051,2169 1052,2142 1040,2141 1033,2135 1024,2135 1018,2141 1011,2141 1007,2133 991,2133 987,2139 977,2139 975,2133"/>
          <TextEquiv conf="0.85280204">
            <Unicode>divino</Unicode>
          </TextEquiv>
        </Word>
        <Word id="region0005_line0001_word0006" custom="readingOrder {index:6;}">
          <Coords points="1077,2139 1064,2141 1064,2169 1137,2170 1137,2144 1092,2143 1085,2139"/>
          <TextEquiv conf="0.8922053">
            <Unicode>tum</Unicode>
          </TextEquiv>
        </Word>
        <Word id="region0005_line0001_word0007" custom="readingOrder {index:7;}">
          <Coords points="1150,2146 1149,2183 1302,2186 1302,2151 1179,2146"/>
          <TextEquiv>
            <Unicode>generico</Unicode>
          </TextEquiv>
        </Word>
        <TextEquiv>
          <Unicode>II. Ratio ſumitur ab interdicto divino tum generico</Unicode>
        </TextEquiv>
      </TextLine>
      <TextLine id="region0005_line0002" custom="readingOrder {index:1;}">
        <Coords points="832,2178 827,2186 820,2185 814,2178 788,2178 781,2187 714,2187 708,2179 695,2179 687,2188 661,2188 614,2187 607,2179 596,2179 590,2187 527,2187 521,2176 472,2176 448,2177 443,2189 434,2189 428,2185 419,2185 414,2189 390,2188 387,2179 367,2177 354,2188 307,2191 297,2178 283,2178 269,2191 223,2187 219,2178 201,2173 195,2183 181,2184 181,2229 278,2234 280,2245 292,2247 308,2233 442,2230 472,2227 677,2231 696,2228 724,2230 894,2230 996,2236 997,2242 1005,2246 1029,2245 1035,2237 1067,2237 1143,2241 1146,2251 1156,2253 1168,2243 1175,2242 1180,2252 1190,2253 1195,2253 1204,2241 1312,2243 1311,2206 1255,2204 1247,2194 1236,2194 1231,2202 1226,2201 1218,2192 1204,2192 1193,2201 1151,2201 1122,2199 1122,2189 1116,2185 1100,2184 1094,2186 1088,2196 1078,2196 1013,2194 1009,2184 998,2181 985,2183 979,2191 964,2191 956,2181 946,2181 939,2189 888,2188 851,2186 845,2178"/>
        <Baseline points="181,2219 287,2224 860,2219 1311,2233"/>
        <Word id="region0005_line0002_word0000" custom="readingOrder {index:0;}">
          <Coords points="192,2210 263,2211 263,2190 223,2187 219,2178 201,2173 195,2183 192,2183"/>
          <TextEquiv conf="0.89666015">
            <Unicode>tum</Unicode>
          </TextEquiv>
        </Word>
        <Word id="region0005_line0002_word0001" custom="readingOrder {index:1;}">
          <Coords points="275,2226 436,2229 436,2189 434,2189 428,2185 419,2185 414,2189 390,2188 387,2179 367,2177 354,2188 307,2191 297,2178 283,2178 275,2184"/>
          <TextEquiv>
            <Unicode>ſpecifico.</Unicode>
          </TextEquiv>
        </Word>
        <Word id="region0005_line0002_word0002" custom="readingOrder {index:2;}">
          <Coords points="490,2178 489,2214 685,2219 685,2188 661,2188 614,2187 608,2181 594,2180 590,2187 527,2187 522,2178"/>
          <TextEquiv conf="0.86719835">
            <Unicode>Genericum</Unicode>
          </TextEquiv>
        </Word>
        <Word id="region0005_line0002_word0003" custom="readingOrder {index:3;}">
          <Coords points="858,2186 851,2186 845,2178 832,2178 827,2186 820,2185 814,2178 788,2178 781,2187 714,2187 708,2179 697,2179 697,2228 724,2230 858,2230"/>
          <TextEquiv conf="0.90740603">
            <Unicode>interdicit</Unicode>
          </TextEquiv>
        </Word>
        <Word id="region0005_line0002_word0004" custom="readingOrder {index:4;}">
          <Coords points="861,2188 860,2221 956,2222 957,2189 939,2189 897,2188"/>
          <TextEquiv conf="0.8964331">
            <Unicode>omni</Unicode>
          </TextEquiv>
        </Word>
        <Word id="region0005_line0002_word0005" custom="readingOrder {index:5;}">
          <Coords points="984,2187 983,2235 996,2236 996,2238 1033,2239 1035,2237 1067,2237 1074,2237 1074,2195 1013,2194 1010,2187"/>
          <TextEquiv conf="0.8964331">
            <Unicode>ſigno</Unicode>
          </TextEquiv>
        </Word>
        <Word id="region0005_line0002_word0006" custom="readingOrder {index:6;}">
          <Coords points="1094,2186 1093,2227 1146,2228 1146,2200 1122,2199 1122,2189 1118,2186"/>
          <TextEquiv conf="0.9122954">
            <Unicode>ſeu</Unicode>
          </TextEquiv>
        </Word>
        <Word id="region0005_line0002_word0007" custom="readingOrder {index:7;}">
          <Coords points="1200,2195 1193,2201 1154,2201 1153,2242 1172,2242 1175,2242 1175,2242 1203,2243 1204,2241 1302,2243 1303,2206 1255,2204 1249,2196 1235,2196 1231,2202 1226,2201 1221,2195"/>
          <TextEquiv conf="0.89925504">
            <Unicode>poſitione</Unicode>
          </TextEquiv>
        </Word>
        <TextEquiv>
          <Unicode>tum ſpecifico. Genericum interdicit omni ſigno ſeu poſitione</Unicode>
        </TextEquiv>
      </TextLine>
      <TextLine id="region0005_line0003" custom="readingOrder {index:2;}">
        <Coords points="802,2230 796,2233 794,2239 771,2240 767,2232 754,2231 746,2241 714,2240 713,2231 696,2229 685,2232 679,2240 671,2241 512,2240 507,2233 497,2233 489,2239 483,2240 395,2244 392,2235 381,2234 372,2244 328,2246 320,2237 307,2236 292,2248 247,2246 245,2241 236,2235 181,2231 180,2282 240,2285 241,2293 248,2297 276,2299 284,2297 286,2287 300,2284 363,2287 437,2281 485,2283 489,2292 497,2294 504,2292 510,2284 521,2283 604,2283 613,2284 614,2291 625,2290 635,2295 641,2292 644,2285 690,2284 700,2285 705,2294 715,2296 730,2294 736,2287 744,2286 779,2287 843,2282 861,2294 871,2294 876,2284 935,2286 937,2295 949,2298 961,2297 965,2287 1109,2292 1119,2298 1182,2295 1263,2298 1311,2296 1312,2265 1311,2259 1307,2258 1182,2254 1175,2243 1168,2244 1156,2254 1064,2247 1005,2247 996,2244 944,2243 943,2236 938,2233 923,2234 918,2243 818,2239 813,2231"/>
        <Baseline points="180,2272 293,2277 823,2273 1128,2286 1312,2286"/>
        <Word id="region0005_line0003_word0000" custom="readingOrder {index:0;}">
          <Coords points="191,2257 216,2258 216,2233 191,2231"/>
          <TextEquiv conf="0.9167764">
            <Unicode>&amp;</Unicode>
          </TextEquiv>
        </Word>
        <Word id="region0005_line0003_word0001" custom="readingOrder {index:1;}">
          <Coords points="233,2276 443,2280 443,2241 395,2244 392,2235 381,2234 372,2244 328,2246 320,2237 307,2236 292,2248 247,2246 245,2241 236,2235 233,2234"/>
          <TextEquiv conf="0.9118922">
            <Unicode>applicatione</Unicode>
          </TextEquiv>
        </Word>
        <Word id="region0005_line0003_word0002" custom="readingOrder {index:2;}">
          <Coords points="452,2279 678,2283 678,2240 671,2241 512,2240 507,2233 497,2233 489,2239 483,2240 452,2241"/>
          <TextEquiv conf="0.84629625">
            <Unicode>cujuscunque</Unicode>
          </TextEquiv>
        </Word>
        <Word id="region0005_line0003_word0003" custom="readingOrder {index:3;}">
          <Coords points="695,2229 688,2231 687,2284 689,2284 690,2284 691,2284 781,2286 782,2240 771,2240 767,2232 754,2231 746,2241 714,2240 713,2231 698,2229"/>
          <TextEquiv conf="0.87333566">
            <Unicode>ſigni,</Unicode>
          </TextEquiv>
        </Word>
        <Word id="region0005_line0003_word0004" custom="readingOrder {index:4;}">
          <Coords points="802,2234 801,2269 833,2270 833,2239 818,2239 815,2234"/>
          <TextEquiv conf="0.88255996">
            <Unicode>in</Unicode>
          </TextEquiv>
        </Word>
        <Word id="region0005_line0003_word0005" custom="readingOrder {index:5;}">
          <Coords points="938,2286 939,2238 921,2238 918,2243 845,2240 844,2283 846,2284 876,2285 876,2284 930,2286"/>
          <TextEquiv conf="0.92812884">
            <Unicode>quod</Unicode>
          </TextEquiv>
        </Word>
        <Word id="region0005_line0003_word0006" custom="readingOrder {index:6;}">
          <Coords points="1133,2293 1134,2253 945,2249 944,2289 964,2289 965,2287 1109,2292 1110,2293"/>
          <TextEquiv conf="0.91728324">
            <Unicode>proximus,</Unicode>
          </TextEquiv>
        </Word>
        <Word id="region0005_line0003_word0007" custom="readingOrder {index:7;}">
          <Coords points="1165,2246 1160,2250 1160,2281 1213,2282 1213,2254 1182,2254 1177,2246"/>
          <TextEquiv conf="0.9093397">
            <Unicode>ſeu</Unicode>
          </TextEquiv>
        </Word>
        <Word id="region0005_line0003_word0008" custom="readingOrder {index:8;}">
          <Coords points="1229,2257 1306,2259 1306,2283 1229,2281"/>
          <TextEquiv conf="0.9048614">
            <Unicode>cor-</Unicode>
          </TextEquiv>
        </Word>
        <TextEquiv conf="0.8989415">
          <Unicode>&amp; applicatione cujuscunque ſigni, in quod proximus, ſeu cor-</Unicode>
        </TextEquiv>
      </TextLine>
      <TextLine id="region0005_line0004" custom="readingOrder {index:3;}">
        <Coords points="845,2284 837,2292 824,2292 819,2296 728,2295 714,2297 705,2295 699,2286 690,2285 684,2288 682,2295 635,2296 625,2291 610,2292 604,2284 589,2284 573,2292 463,2295 432,2294 426,2286 416,2285 408,2295 339,2298 318,2298 316,2288 300,2285 292,2288 284,2298 276,2300 180,2291 180,2344 202,2344 218,2337 351,2341 492,2334 495,2335 504,2347 515,2347 523,2344 525,2334 658,2336 660,2345 670,2348 683,2347 686,2337 706,2337 717,2345 728,2348 749,2340 766,2338 804,2341 816,2338 845,2340 882,2337 982,2343 984,2351 991,2355 1005,2354 1016,2344 1145,2349 1152,2358 1158,2358 1168,2350 1311,2352 1311,2312 1246,2308 1237,2298 1175,2297 1171,2301 1170,2311 1163,2308 1117,2307 1116,2297 1109,2293 1060,2291 1056,2292 1054,2303 971,2298 949,2299 928,2296 924,2287 911,2286 905,2295 861,2295"/>
        <Baseline points="180,2330 873,2328 1311,2343"/>
        <Word id="region0005_line0004_word0000" custom="readingOrder {index:0;}">
          <Coords points="190,2322 271,2324 271,2299 190,2291"/>
          <TextEquiv conf="0.9047933">
            <Unicode>pore</Unicode>
          </TextEquiv>
        </Word>
        <Word id="region0005_line0004_word0001" custom="readingOrder {index:1;}">
          <Coords points="289,2317 344,2318 344,2297 339,2298 318,2298 316,2288 300,2285 292,2288 289,2290"/>
          <TextEquiv conf="0.90848726">
            <Unicode>ſeu</Unicode>
          </TextEquiv>
        </Word>
        <Word id="region0005_line0004_word0002" custom="readingOrder {index:2;}">
          <Coords points="373,2317 484,2319 484,2294 463,2295 432,2294 426,2286 416,2285 408,2295 373,2296"/>
          <TextEquiv conf="0.90848726">
            <Unicode>animo</Unicode>
          </TextEquiv>
        </Word>
        <Word id="region0005_line0004_word0003" custom="readingOrder {index:3;}">
          <Coords points="609,2291 604,2284 589,2284 573,2292 501,2293 500,2337 524,2337 525,2334 608,2335"/>
          <TextEquiv conf="0.8962809">
            <Unicode>poteſt</Unicode>
          </TextEquiv>
        </Word>
        <Word id="region0005_line0004_word0004" custom="readingOrder {index:4;}">
          <Coords points="685,2287 684,2288 682,2295 635,2296 625,2291 625,2335 812,2338 815,2338 815,2295 728,2295 714,2297 705,2295 700,2287"/>
          <TextEquiv conf="0.83261216">
            <Unicode>impingere,</Unicode>
          </TextEquiv>
        </Word>
        <Word id="region0005_line0004_word0005" custom="readingOrder {index:5;}">
          <Coords points="845,2290 845,2326 952,2328 952,2298 949,2299 928,2296 926,2291 907,2291 905,2295 861,2295 853,2290"/>
          <TextEquiv>
            <Unicode>Levit.</Unicode>
          </TextEquiv>
        </Word>
        <Word id="region0005_line0004_word0006" custom="readingOrder {index:6;}">
          <Coords points="1014,2345 1015,2305 974,2304 973,2342 982,2343 982,2344"/>
          <TextEquiv>
            <Unicode>19.</Unicode>
          </TextEquiv>
        </Word>
        <Word id="region0005_line0004_word0007" custom="readingOrder {index:7;}">
          <Coords points="1049,2333 1093,2334 1093,2293 1055,2292 1054,2303 1049,2302"/>
          <TextEquiv>
            <Unicode>vſ.</Unicode>
          </TextEquiv>
        </Word>
        <Word id="region0005_line0004_word0008" custom="readingOrder {index:8;}">
          <Coords points="1125,2310 1124,2343 1178,2344 1179,2311 1170,2311 1170,2311 1170,2311"/>
          <TextEquiv conf="0.8365331">
            <Unicode>14.</Unicode>
          </TextEquiv>
        </Word>
        <Word id="region0005_line0004_word0009" custom="readingOrder {index:9;}">
          <Coords points="1202,2301 1202,2336 1308,2338 1308,2311 1246,2308 1240,2301"/>
          <TextEquiv>
            <Unicode>Devt.</Unicode>
          </TextEquiv>
        </Word>
        <TextEquiv>
          <Unicode>pore ſeu animo poteſt impingere, Levit. 19. vſ. 14. Devt.</Unicode>
        </TextEquiv>
      </TextLine>
      <TextLine id="region0005_line0005" custom="readingOrder {index:4;}">
        <Coords points="882,2338 873,2341 871,2350 830,2348 824,2341 816,2339 799,2342 796,2345 767,2347 756,2346 749,2341 722,2348 710,2339 699,2338 691,2347 675,2349 622,2346 617,2339 606,2338 598,2346 504,2348 495,2336 492,2335 484,2340 482,2346 478,2337 463,2336 456,2340 455,2347 418,2345 410,2340 400,2339 384,2347 340,2347 335,2342 326,2342 320,2349 300,2350 276,2350 253,2345 180,2345 180,2386 209,2386 216,2394 224,2394 231,2387 238,2390 253,2388 292,2393 411,2397 435,2395 458,2390 517,2388 521,2399 538,2400 543,2397 544,2388 574,2387 812,2392 820,2402 831,2402 840,2392 845,2391 884,2391 982,2399 996,2403 1001,2403 1007,2399 1311,2406 1312,2364 1210,2362 1200,2353 1189,2352 1185,2355 1179,2351 1168,2351 1158,2359 1149,2359 1142,2350 1131,2350 1124,2360 1111,2361 1106,2359 1106,2352 1101,2348 1087,2348 1083,2358 991,2356 956,2353 951,2345 935,2340 922,2341 919,2352 910,2351 896,2350 893,2339"/>
        <Baseline points="180,2376 402,2386 555,2377 843,2381 1311,2395"/>
        <Word id="region0005_line0005_word0000" custom="readingOrder {index:0;}">
          <Coords points="193,2370 249,2371 249,2345 193,2345"/>
          <TextEquiv conf="0.74835795">
            <Unicode>27.</Unicode>
          </TextEquiv>
        </Word>
        <Word id="region0005_line0005_word0001" custom="readingOrder {index:1;}">
          <Coords points="267,2370 346,2371 346,2347 340,2347 335,2342 326,2342 320,2349 300,2350 276,2350 267,2348"/>
          <TextEquiv>
            <Unicode>verſ.</Unicode>
          </TextEquiv>
        </Word>
        <Word id="region0005_line0005_word0002" custom="readingOrder {index:2;}">
          <Coords points="371,2376 427,2377 427,2345 418,2345 410,2340 400,2339 384,2347 371,2347"/>
          <TextEquiv conf="0.9224781">
            <Unicode>28.</Unicode>
          </TextEquiv>
        </Word>
        <Word id="region0005_line0005_word0003" custom="readingOrder {index:3;}">
          <Coords points="444,2369 498,2371 498,2340 495,2336 492,2335 484,2340 482,2346 478,2337 463,2336 456,2340 455,2347 444,2346"/>
          <TextEquiv conf="0.8540407">
            <Unicode>ubi</Unicode>
          </TextEquiv>
        </Word>
        <Word id="region0005_line0005_word0004" custom="readingOrder {index:4;}">
          <Coords points="527,2348 584,2349 583,2386 526,2385"/>
          <TextEquiv conf="0.8540407">
            <Unicode>per</Unicode>
          </TextEquiv>
        </Word>
        <Word id="region0005_line0005_word0005" custom="readingOrder {index:5;}">
          <Coords points="606,2340 606,2375 775,2379 775,2346 767,2347 756,2346 752,2343 740,2343 722,2348 714,2342 695,2342 691,2347 675,2349 622,2346 617,2340"/>
          <TextEquiv conf="0.8775722">
            <Unicode>interdicta</Unicode>
          </TextEquiv>
        </Word>
        <Word id="region0005_line0005_word0006" custom="readingOrder {index:6;}">
          <Coords points="809,2340 800,2342 799,2390 845,2391 845,2391 884,2391 902,2392 1008,2395 1009,2356 991,2356 956,2353 951,2345 946,2343 921,2343 919,2352 910,2351 896,2350 894,2342 873,2342 871,2350 830,2348 824,2341 822,2341"/>
          <TextEquiv conf="0.88484687">
            <Unicode>Symbolica,</Unicode>
          </TextEquiv>
        </Word>
        <Word id="region0005_line0005_word0007" custom="readingOrder {index:7;}">
          <Coords points="1086,2348 1083,2358 1038,2357 1038,2385 1307,2391 1307,2363 1210,2362 1200,2353 1189,2352 1185,2355 1179,2351 1168,2351 1158,2359 1149,2359 1142,2350 1131,2350 1124,2360 1111,2361 1106,2359 1106,2352 1101,2348"/>
          <TextEquiv conf="0.0">
            <Unicode>maledictionem</Unicode>
          </TextEquiv>
        </Word>
        <TextEquiv>
          <Unicode>27. verſ. 28. ubi per interdicta Symbolica, maledictionem</Unicode>
        </TextEquiv>
      </TextLine>
      <TextLine id="region0005_line0006" custom="readingOrder {index:5;}">
        <Coords points="884,2392 872,2394 862,2403 811,2403 807,2396 795,2395 788,2404 756,2404 591,2401 588,2390 574,2388 568,2391 566,2401 524,2401 506,2400 500,2391 492,2389 484,2393 482,2401 421,2402 407,2407 367,2405 360,2396 350,2395 340,2405 186,2396 180,2397 180,2440 254,2445 255,2452 260,2458 278,2460 292,2448 313,2448 339,2448 346,2459 356,2460 370,2449 419,2450 428,2456 469,2458 473,2455 474,2449 481,2444 538,2441 696,2445 705,2456 717,2453 724,2458 736,2459 744,2454 746,2444 859,2444 976,2454 1061,2456 1083,2460 1135,2456 1311,2457 1312,2419 1307,2418 1232,2415 1225,2406 1213,2407 1209,2415 1182,2414 1180,2406 1175,2403 1161,2404 1158,2414 1154,2416 1026,2411 1024,2403 1019,2400 1007,2400 1001,2404 1000,2409 972,2408 966,2399 950,2397 939,2399 935,2407 905,2405 902,2394"/>
        <Baseline points="180,2431 443,2441 522,2432 836,2434 1052,2446 1311,2447"/>
        <Word id="region0005_line0006_word0000" custom="readingOrder {index:0;}">
          <Coords points="185,2433 309,2436 310,2403 186,2396 186,2396"/>
          <TextEquiv conf="0.8026534">
            <Unicode>nempe</Unicode>
          </TextEquiv>
        </Word>
        <Word id="region0005_line0006_word0001" custom="readingOrder {index:1;}">
          <Coords points="329,2434 414,2436 414,2404 407,2407 367,2405 360,2396 350,2395 340,2405 329,2404"/>
          <TextEquiv conf="0.65440005">
            <Unicode>ejus,</Unicode>
          </TextEquiv>
        </Word>
        <Word id="region0005_line0006_word0002" custom="readingOrder {index:2;}">
          <Coords points="439,2435 499,2437 499,2390 492,2389 484,2393 482,2401 439,2401"/>
          <TextEquiv conf="0.8019064">
            <Unicode>qui</Unicode>
          </TextEquiv>
        </Word>
        <Word id="region0005_line0006_word0003" custom="readingOrder {index:3;}">
          <Coords points="573,2388 568,2391 566,2401 533,2401 532,2426 591,2428 592,2401 591,2401 588,2390 578,2389"/>
          <TextEquiv conf="0.3530735">
            <Unicode>vel</Unicode>
          </TextEquiv>
        </Word>
        <Word id="region0005_line0006_word0004" custom="readingOrder {index:4;}">
          <Coords points="614,2402 711,2404 710,2442 613,2440"/>
          <TextEquiv>
            <Unicode>cæco</Unicode>
          </TextEquiv>
        </Word>
        <Word id="region0005_line0006_word0005" custom="readingOrder {index:5;}">
          <Coords points="792,2399 788,2404 756,2404 726,2403 725,2444 746,2444 746,2444 819,2444 820,2403 811,2403 809,2400"/>
          <TextEquiv conf="0.8165837">
            <Unicode>ponit</Unicode>
          </TextEquiv>
        </Word>
        <Word id="region0005_line0006_word0006" custom="readingOrder {index:6;}">
          <Coords points="870,2395 862,2403 843,2403 843,2440 1098,2445 1098,2413 1026,2411 1024,2403 1019,2400 1007,2400 1001,2404 1000,2409 972,2408 966,2399 950,2397 949,2397 939,2399 935,2407 905,2405 902,2396"/>
          <TextEquiv conf="0.821156">
            <Unicode>offendiculum,</Unicode>
          </TextEquiv>
        </Word>
        <Word id="region0005_line0006_word0007" custom="readingOrder {index:7;}">
          <Coords points="1164,2404 1161,2404 1158,2414 1154,2416 1126,2415 1125,2441 1176,2442 1177,2404 1177,2404"/>
          <TextEquiv conf="0.8902395">
            <Unicode>vel</Unicode>
          </TextEquiv>
        </Word>
        <Word id="region0005_line0006_word0008" custom="readingOrder {index:8;}">
          <Coords points="1212,2408 1209,2415 1194,2414 1194,2441 1300,2443 1300,2417 1232,2415 1227,2408"/>
          <TextEquiv conf="0.0">
            <Unicode>viato-</Unicode>
          </TextEquiv>
        </Word>
        <TextEquiv>
          <Unicode>nempe ejus, qui vel cæco ponit offendiculum, vel viato-</Unicode>
        </TextEquiv>
      </TextLine>
      <TextEquiv>
        <Unicode>II. Ratio ſumitur ab interdicto divino tum generico&#13;
tum ſpecifico. Genericum interdicit omni ſigno ſeu poſitione&#13;
&amp; applicatione cujuscunque ſigni, in quod proximus, ſeu cor-&#13;
pore ſeu animo poteſt impingere, Levit. 19. vſ. 14. Devt.&#13;
27. verſ. 28. ubi per interdicta Symbolica, maledictionem&#13;
nempe ejus, qui vel cæco ponit offendiculum, vel viato-</Unicode>
      </TextEquiv>
    </TextRegion>
  </Page>
</PcGts>
