2296 2682
859 533 891 566 p.
901 536 925 567 3.
936 531 1016 563 §IV.
1031 529 1085 561 lin.
1101 541 1125 565 2.
1131 541 1183 575 pro
1192 532 1322 575 Javonus
1331 537 1391 578 lege
1397 536 1570 578 Javolenus.

859 579 890 611 p.
907 583 956 606 10.
969 582 1030 608 not.
1040 577 1075 615 a)
1087 577 1138 611 lin.
1150 588 1180 619 4.
1193 587 1244 618 pro
1254 587 1310 623 עיז
1318 582 1379 623 lege
1379 582 1452 625 עיד

866 618 897 660 p.
916 628 960 648 13.
970 622 1043 647 §XI.
1054 615 1110 651 lin.
1122 619 1173 650 11.
1187 625 1342 646 memoriæ
1349 612 1581 656 teſtimoniique,
1587 612 1665 647 adde
1678 612 1776 650 cauſa.

858 663 891 696 p.
905 662 954 691 15.
966 669 1012 698 pro
1024 670 1056 695 §.
1075 663 1132 697 XIl.
1144 665 1199 706 lege
1216 668 1247 694 §.
1264 661 1347 693 XIII.

856 700 889 728 p.
906 707 959 729 22.
972 700 1027 726 lin.
1048 702 1099 734 31.
1106 701 1156 732 pro
1166 699 1340 740 pertingant
1347 700 1406 741 lege
1415 700 1580 745 pertingat.

857 752 888 790 p.
905 746 956 784 26.
973 744 1027 779 lin.
1042 757 1093 781 27.
1100 750 1151 779 pro
1162 740 1316 785 πογίτας
1329 745 1387 787 lege
1397 740 1557 784 πολίτας.

856 799 890 823 p.
905 798 960 821 28.
964 792 1031 821 lin.
1035 793 1097 825 16.
1100 794 1154 823 pro
1158 794 1348 823 antiquitatis
1360 793 1420 821 lege
1427 796 1631 823 antiquitates.

857 835 887 864 p.
901 834 952 870 28.
960 830 1013 861 lin.
1034 837 1085 866 19.
1093 838 1143 868 pro
1154 830 1288 864 editione
1300 834 1357 874 lege
1369 834 1552 870 eruditione.

857 877 890 910 p.
905 880 959 909 29.
975 873 1027 905 lin.
1053 883 1097 907 12.
1105 873 1160 914 pro
1166 880 1302 913 NEGAS
1310 884 1367 923 lege
1379 882 1491 918 AIS.

857 915 931 947 ibid.
941 916 994 949 lin,
1012 926 1064 956 27.
1071 926 1123 957 pro
1136 919 1193 952 ſint
1201 920 1258 962 lege
1269 922 1345 955 ſunt.

855 965 886 991 p.
898 972 949 995 31.
970 965 1021 990 lin.
1034 964 1082 988 26.
1089 962 1140 991 pro
1149 956 1311 996 ducangius
1319 960 1378 996 lege
1391 955 1432 990 du
1439 958 1584 1002 Cangius.

852 1005 884 1029 p.
905 1003 953 1033 33.
966 997 1019 1024 lin.
1036 1005 1065 1031 7.
1077 1006 1128 1035 pro
1138 999 1231 1040 novis
1232 1000 1292 1044 lege
1310 1003 1402 1043 nobis.

853 1055 885 1077 p.
903 1052 952 1076 34.
964 1052 1026 1075 not.
1033 1042 1068 1079 a)
1076 1044 1129 1072 lin.
1149 1050 1176 1077 5.
1187 1035 1258 1077 lege,
1270 1037 1452 1073 offendimus
1459 1053 1509 1083 pro
1517 1038 1801 1080 OFFENDIMVS.

854 1083 885 1111 p.
902 1083 953 1113 38.
968 1081 1021 1111 lin.
1038 1087 1091 1118 18.
1061 1084 1145 1118 pro
1154 1080 1297 1115 Habanus
1310 1084 1370 1124 lege
1380 1083 1550 1119 Hrabanus.

852 1126 884 1157 p.
903 1129 953 1162 39.
964 1119 1017 1151 lin.
1039 1132 1084 1164 13.
1099 1131 1141 1162 pro
1163 1128 1229 1161 XLI.
1240 1129 1327 1167 ſcribe
1338 1133 1431 1167 XLII.

853 1170 884 1204 p.
910 1177 960 1207 39.
985 1169 1047 1201 not.
1072 1164 1106 1204 a)
1122 1161 1177 1198 fin.
1201 1161 1297 1203 adde:
1315 1173 1462 1199 Nobiſcum
1477 1164 1598 1204 eandem
1608 1166 1643 1210 L.
1654 1166 1753 1209 Salicæ
1771 1174 1903 1209 epocham
1915 1160 2045 1208 agnoſcit
2060 1160 2089 1199 C.
2102 1157 2131 1193 S.

1034 1206 1350 1246 SCHVRZFLEISCHIVS
1364 1221 1432 1244 tom.
1443 1223 1469 1244 2.
1481 1211 1567 1258 Epiſt.
1576 1220 1646 1257 294.
1656 1217 1683 1263 p.
1689 1224 1727 1251 m.
1735 1217 1808 1258 483.

849 1251 882 1285 p.
894 1256 947 1287 41.
958 1247 1011 1279 lin.
1029 1260 1076 1283 10.
1086 1260 1143 1291 pro
1151 1250 1292 1294 Turginus
1304 1255 1371 1293 lege
1379 1258 1535 1299 Tunginus.

853 1289 926 1319 ibid.
938 1294 998 1318 not.
1010 1288 1042 1327 b)
1057 1290 1109 1318 lin.
1124 1299 1153 1321 2.
1162 1299 1221 1331 pro
1239 1289 1341 1326 Atacat
1356 1292 1422 1337 lege
1430 1302 1534 1329 Atuat.

849 1333 882 1359 p.
896 1333 951 1359 42.
963 1341 1023 1362 not.
1034 1329 1064 1363 c)
1072 1337 1126 1364 lin.
1138 1337 1169 1367 4.
1185 1336 1243 1367 pro
1253 1334 1327 1364 idem
1336 1330 1382 1377 eſſe
1382 1330 1458 1374 lege
1470 1338 1548 1367 idem
1557 1335 1606 1377 eſt.

847 1378 880 1405 p.
897 1377 956 1406 44.
956 1368 1016 1408 lin.
1041 1382 1082 1412 17.
1089 1380 1142 1412 pro
1156 1376 1346 1414 TVNCHNVM
1356 1382 1414 1421 lege
1428 1383 1640 1417 TVNCHINVM.

847 1418 879 1453 p.
889 1418 945 1453 45.
957 1411 1010 1451 lin.
1025 1418 1074 1455 37.
1091 1416 1150 1448 pro
1159 1412 1191 1452 L.
1201 1418 1287 1450 Salic.
1300 1426 1358 1453 Tit.
1374 1427 1400 1455 2.
1415 1415 1470 1455 leg.
1479 1427 1528 1453 52.
1537 1417 1603 1461 lege
1614 1422 1664 1453 tit.
1677 1429 1718 1460 52.
1727 1417 1782 1464 leg.
1794 1431 1823 1455 2.

845 1460 878 1488 p.
892 1461 949 1491 47.
961 1460 1023 1485 not.
1039 1455 1074 1496 a)
1083 1459 1137 1487 lin.
1155 1465 1203 1498 14.
1218 1467 1278 1500 pro
1297 1463 1398 1495 Videus
1410 1462 1470 1505 lege
1484 1466 1602 1501 Videns.

844 1501 877 1532 p.
892 1503 945 1535 54.
959 1504 1019 1529 not.
1030 1499 1063 1539 b)
1077 1498 1130 1530 lin.
1152 1509 1179 1540 4.
1183 1508 1235 1538 pro
1254 1513 1282 1540 5.
1296 1510 1326 1534 2.
1339 1506 1399 1546 lege
1412 1504 1490 1539 Sect.
1508 1518 1538 1542 2.

844 1542 876 1571 p.
890 1541 945 1576 69.
955 1536 1009 1572 lin.
1024 1543 1073 1574 20.
1084 1543 1141 1574 pro
1150 1543 1322 1573 comittimus
1336 1543 1398 1582 lege
1407 1546 1621 1588 committimus.

843 1583 873 1614 p.
888 1584 942 1614 97.
954 1577 1007 1608 lin.
1025 1586 1075 1615 18.
1082 1589 1134 1617 pro
1144 1582 1331 1618 Præfecturis
1345 1589 1404 1626 lege
1413 1587 1576 1624 Præfectis.

843 1626 875 1653 p.
889 1624 942 1660 99.
953 1623 1013 1653 not.
1025 1622 1060 1656 d)
1070 1621 1125 1650 lin,
1144 1630 1174 1658 7.
1190 1627 1248 1662 pro
1256 1624 1463 1659 iurisdictionis
1472 1625 1540 1671 lege
1549 1630 1772 1665 iurisdictiones.

842 1665 874 1698 p.
891 1667 963 1693 112.
973 1660 1028 1695 lin.
1049 1673 1094 1703 19.
1104 1671 1150 1702 pro
1165 1667 1352 1701 examinetut
1361 1671 1419 1712 lege
1428 1671 1631 1708 examinetur.

838 1708 871 1740 p.
888 1709 959 1743 113.
970 1702 1024 1736 lin.
1043 1714 1094 1746 14.
1103 1705 1164 1747 lege
1179 1709 1250 1745 juris
1260 1711 1433 1754 Germanici
1433 1714 1488 1754 pro
1496 1714 1657 1753 Saxonici.

837 1749 871 1780 p.
883 1749 959 1781 115.
969 1745 1022 1778 lin.
1033 1749 1086 1778 ult.
1095 1756 1147 1786 pro
1161 1743 1292 1786 Eandem
1301 1753 1361 1795 lege
1369 1753 1492 1789 Eadem.

837 1795 869 1827 p.
886 1793 960 1823 116.
972 1791 1025 1823 lin.
1046 1802 1092 1826 12.
1107 1803 1151 1834 pro
1161 1795 1295 1840 Waſung
1309 1801 1368 1839 lege
1378 1800 1499 1842 Waſen.

835 1835 868 1869 p.
882 1838 956 1868 119.
967 1828 1055 1873 not.
1042 1832 1075 1877 a)
1087 1836 1140 1866 lin.
1160 1847 1209 1875 13.
1219 1847 1277 1878 pro
1288 1839 1322 1878 fit
1335 1838 1401 1887 lege
1403 1838 1449 1887 ſit.

833 1876 866 1909 p.
884 1879 955 1912 123.
969 1873 1012 1902 lin.
1036 1886 1062 1912 5.
1073 1877 1123 1911 pro
1123 1877 1187 1913 das
1196 1881 1256 1919 lege
1265 1880 1332 1921 daß.

830 1915 862 1944 p.
878 1915 952 1947 124.
964 1910 1017 1938 lin.
1029 1921 1086 1948 21.
1097 1910 1214 1952 Collega.
1235 1914 1356 1948 Excidit
1365 1925 1490 1959 nomen,
1501 1919 1585 1963 quod
1594 1920 1686 1959 adde:
1709 1924 1841 1971 VVolffio.

829 1958 862 1991 p.
884 1956 957 1985 126.
969 1953 1022 1987 lin.
1036 1968 1061 1987 2.
1075 1956 1154 1989 circa
1165 1958 1222 1990 hos
1232 1959 1313 2002 ipſos
1322 1962 1436 1995 Comit.
1451 1965 1544 1996 adde:
1565 1970 1668 2001 errant
1677 1970 1717 2005 V.
1729 1968 1753 2004 ſ.

834 1994 907 2029 ibid.
922 1996 976 2029 lin.
989 2001 1020 2030 6.
1029 2007 1079 2031 pro
1091 1998 1140 2039 ſie,
1150 2001 1209 2043 lege
1218 2001 1289 2036 ſive.

827 2040 861 2069 p.
878 2041 938 2072 130.
959 2036 1012 2063 lin.
1028 2044 1080 2072 29.
1092 2036 1162 2077 lege,
1176 2036 1325 2071 eiusmodi
1332 2037 1533 2089 præfecturis.

824 2085 857 2124 p.
874 2083 949 2122 136.
957 2081 1014 2118 lin.
1031 2093 1080 2127 23.
1084 2093 1135 2126 pro
1145 2084 1180 2121 fit
1192 2088 1252 2131 lege
1260 2087 1308 2125 ſit.
