1885 2376
459 181 504 208 ne
524 171 584 217 eſt,
599 170 751 219 gloriam
769 176 847 215 DEI
864 186 898 217 et
921 177 1128 227 religionem
1150 182 1300 232 pesſimis
1317 183 1415 237 ſaepe
1433 187 1590 239 negotiis
1610 190 1746 233 affrica-

437 224 499 266 ri,
518 230 559 256 ut
569 224 637 259 hoc
651 221 741 270 qvaſi
751 224 855 273 pallio
868 227 1072 267 atrociſſima
1084 231 1205 271 ſcelera
1223 232 1451 283 obtegantur,
1465 239 1556 286 qvod
1578 250 1611 277 et
1622 243 1677 280 hic
1688 242 1741 280 fa-

436 274 556 310 ƈtum
577 274 634 311 eſt.
684 279 810 323 Neqve
821 279 915 314 enim
936 282 970 315 id
982 280 1112 317 dabant
1126 294 1267 333 operam
1279 285 1348 330 illi,
1369 298 1404 325 ut
1414 291 1478 327 Dei
1496 288 1605 339 gloria
1616 294 1738 341 Regis-

461 334 524 370 qve
544 321 629 359 ſalus
653 330 936 375 promoveretur,
947 336 1052 375 prout
1076 331 1188 370 videri
1205 334 1393 387 volebant;
1399 339 1466 383 ſed
1477 348 1516 374 ut
1526 351 1648 376 manus
1660 347 1735 391 ple-

459 373 531 414 bis,
559 373 627 407 iam
644 376 681 410 in
698 375 830 423 Regem
858 380 1025 424 regniqve
1053 381 1185 420 nobiles
1212 385 1359 424 familias
1389 390 1628 432 exacerbatae,
1657 405 1736 429 ma-

456 424 508 463 gis
527 422 703 467 magisqve
723 432 967 469 armarentur,
982 427 1178 477 viribusqve
1198 434 1351 481 integrae
1365 448 1405 472 eo
1417 442 1655 477 vehementius
1675 444 1734 477 ad-

455 472 571 509 verſus
596 473 696 510 illum
722 474 951 526 inſurgerent.
1047 481 1108 516 Aſt
1124 490 1289 531 qvantum
1314 487 1446 525 facinus
1468 493 1535 525 hoc
1559 494 1624 535 eſt,
1667 495 1732 530 ad-

439 524 566 563 verſus
585 536 705 575 regem
721 527 824 565 ſuum
842 541 937 568 arma
947 542 1094 579 capere,
1123 542 1167 570 et
1176 538 1219 573 ad
1230 539 1322 576 idem
1336 540 1535 582 faciendum
1547 545 1629 581 alios
1645 548 1732 584 inci-

451 575 545 614 tare!
569 579 619 616 Vt
630 580 736 618 verbo
759 591 835 616 rem
855 580 1047 628 ediſſeram,
1074 586 1217 625 Crimen
1233 589 1341 627 laeſae
1369 593 1555 632 Maieſtatis
1576 597 1643 631 hoc
1663 599 1729 642 eſt,

455 627 659 674 gravisſimis
668 627 838 678 ſuppliciis
848 633 1095 672 coercendum.
1141 637 1230 684 Regi
1241 640 1332 675 enim
1347 642 1408 678 ſuo
1419 648 1476 691 qvi
1497 646 1633 690 reſiſtit,
1651 649 1730 686 Deo

453 680 513 724 ipſi
534 679 566 711 ſe
579 681 751 726 opponit,
741 681 852 721 cuius
879 683 992 720 vicem
1009 684 1068 725 ille
1080 687 1122 722 in
1141 690 1241 723 terris
1256 684 1405 731 ſuſtinet.
1454 697 1550 731 Male
1564 700 1728 747 profeƈto

452 732 618 764 fecerunt
634 728 786 768 Misſiſici
798 729 992 770 ſacerdotes
1007 745 1126 772 cruces
1143 736 1306 774 manibus
1315 741 1480 789 geſtando
1492 749 1623 793 populo
1632 760 1730 794 prae-

452 788 597 818 euntes,
615 780 672 826 qvi
691 791 732 817 ex
749 784 785 820 S.
814 782 921 821 literis
937 782 1022 822 ſcire
1042 794 1207 835 poterant
1225 791 1362 838 utiqve,
1394 799 1550 835 DEVM
1568 802 1605 834 in
1627 801 1759 844 ſuam

450 833 616 867 iniuriam
647 829 891 880 interpretari,
921 835 1081 882 qvicqvid
1112 840 1149 874 in
1172 837 1400 884 offenſionem
1430 845 1591 894 Principis
1620 861 1723 884 com-

436 879 615 930 mittitur.
726 885 803 920 Nec
829 884 903 921 ullo
927 885 1017 923 iuſto
1045 887 1259 927 ſacramento
1295 890 1442 940 obligari
1464 904 1655 945 poterant,
1689 904 1725 937 ſe

449 941 523 966 non
542 931 604 968 niſi
614 934 660 970 ob
678 936 757 972 DEI
775 935 925 983 gloriam
954 939 1125 987 Regisqve
1145 941 1422 983 incolumitatem
1444 948 1489 984 ad
1505 950 1571 986 hoc
1590 952 1722 990 bellum

448 981 640 1031 proficiſci,
666 995 748 1019 cum
766 987 815 1021 nil
831 986 893 1024 niſi
918 988 1022 1036 Regis
1049 991 1287 1041 nobiliumqve
1306 1002 1509 1047 qvaererent
1528 1000 1724 1045 interitum,

447 1039 697 1082 praetereaqve
724 1047 800 1072 rem
818 1040 934 1076 iurato
959 1039 1205 1094 pollicerentur
1231 1045 1308 1096 lege
1333 1047 1555 1101 prohibitam.
1603 1054 1723 1103 Itaqve

432 1081 583 1129 grande
601 1082 669 1120 hoc
681 1082 786 1123 ſcelus
804 1097 877 1124 non
886 1086 947 1126 niſi
964 1096 1096 1129 temere
1107 1093 1152 1129 ob
1165 1094 1256 1132 hanc
1274 1101 1401 1133 bonam
1412 1101 1653 1147 intentionem,
1656 1104 1726 1155 vel,

444 1142 487 1173 ut
503 1136 628 1175 reƈtius
639 1137 774 1189 loqvar,
785 1138 920 1178 bonum
942 1151 1164 1197 praetextum
1184 1149 1363 1188 excuſatur
1380 1159 1415 1188 et
1433 1156 1655 1205 approbatur.

493 1185 560 1237 XV.
579 1194 733 1244 Dirigere
747 1207 840 1233 nunc
851 1196 962 1245 placet
981 1201 1212 1248 cogitationes
1225 1204 1268 1241 ad
1276 1208 1590 1256 contemplandum
1597 1212 1718 1251 Bellum

440 1242 589 1284 Sacrum,
601 1242 661 1280 ſub
672 1243 837 1284 abſurdae
853 1246 1102 1297 ſuperſtitionis
1118 1254 1336 1301 praepoſtero
1356 1259 1430 1294 zelo
1443 1258 1607 1298 ſtabilitae
1619 1274 1720 1312 prae-

444 1297 541 1327 textu
560 1290 602 1325 ab
619 1291 784 1342 epiſcopis
807 1297 842 1330 &
858 1297 1039 1335 monachis
1061 1312 1123 1347 per
1136 1304 1214 1339 ſatis
1244 1298 1441 1350 diuturnum
1460 1309 1624 1358 temporis
1642 1311 1718 1362 ſpa-

442 1339 532 1373 tium
545 1338 680 1386 geſtum
690 1347 793 1387 atqve
802 1347 1061 1383 eontinuatum.
1084 1350 1218 1388 Scilicet
1235 1351 1338 1387 multi
1347 1354 1517 1404 Europaei
1527 1360 1561 1393 in
1571 1359 1718 1397 Germa-

440 1392 509 1435 nia,
529 1390 653 1440 Gallia,
665 1393 842 1445 Hiſpania,
851 1397 1000 1446 Anglia,
1007 1401 1134 1446 Dania,
1153 1403 1262 1446 Italia,
1273 1404 1497 1455 Lotharingia
1510 1411 1544 1444 &
1553 1413 1714 1460 Burgun-

440 1438 495 1473 dia
513 1437 757 1478 confluxerunt
784 1440 828 1479 ad
843 1445 1118 1493 recuperandam
1147 1449 1386 1494 Palaeſtinam,
1404 1464 1505 1502 qvam
1524 1462 1608 1493 tunc
1624 1471 1714 1496 tem-

438 1491 534 1539 poris
563 1491 724 1530 tenebant
742 1492 932 1547 Saraceni,
958 1496 1056 1547 Qvae
1068 1500 1306 1549 expeditiones
1328 1516 1407 1543 cum
1428 1508 1472 1543 ob
1493 1509 1617 1550 Chriſti
1634 1516 1713 1553 Ser-

439 1543 568 1580 vatoris
588 1545 682 1581 cruci
699 1542 786 1582 affixi
804 1545 957 1598 gloriam
974 1548 1204 1598 aſſerendam,
1231 1560 1266 1591 et
1283 1555 1492 1596 Chriſtianas
1510 1561 1544 1595 in
1568 1561 1724 1602 Oriente

437 1596 601 1639 regiones
615 1595 768 1633 barbaris
780 1598 973 1650 eripiendas
986 1598 1244 1656 ſuſciperentur,
1265 1600 1644 1664 dicebanturCruciatae,
1657 1621 1708 1666 mi-

434 1645 607 1692 litumqve
626 1646 774 1684 veſtibus
790 1651 904 1684 crucis
926 1650 1063 1699 ſignum
1073 1649 1288 1699 aſſuebatur,
1315 1669 1354 1693 ac
1371 1655 1490 1696 teſſera
1500 1663 1594 1699 velut
1612 1671 1709 1703 mili-

432 1698 502 1734 tiae
519 1697 805 1737 conſtituebatur.
831 1704 970 1742 Boecler.
985 1706 1078 1754 Diſp.
1092 1707 1133 1745 de
1141 1707 1299 1758 Paſſagiis
1309 1713 1344 1747 in
1354 1714 1424 1749 Vol.
1438 1714 1520 1762 Diſſ.
1531 1715 1631 1756 Acad.
1639 1724 1709 1768 Ap-

428 1744 527 1791 pend.
532 1744 567 1789 f.
576 1756 676 1791 22.23.
713 1749 805 1785 Cum
824 1761 909 1799 ergo
929 1759 1123 1803 qvaeritur,
1141 1757 1225 1795 ſitne
1237 1760 1305 1796 hoc
1325 1757 1452 1798 bellum
1464 1766 1721 1817 probandum,

429 1796 533 1835 facile
543 1796 744 1847 reſponderi
758 1802 880 1851 poteſt,
900 1815 981 1842 cum
992 1806 1132 1856 qvilibet
1150 1809 1283 1855 videat,
1302 1810 1337 1848 id
1360 1810 1424 1854 eſſe
1435 1819 1592 1854 omnium
1605 1824 1702 1856 iniu-

430 1845 623 1886 ſtiſſimum.
667 1846 927 1888 Fundamentum
938 1861 1118 1901 perpetuae
1136 1857 1420 1897 commendationis
1435 1871 1469 1898 et
1473 1867 1590 1911 famae
1605 1874 1703 1914 iuſti-

427 1900 482 1939 tia
492 1899 547 1948 eſt,
547 1900 617 1945 ſine
633 1913 702 1951 qva
716 1900 798 1955 nihil
810 1903 907 1960 poteſt
916 1910 973 1957 eſſe
985 1910 1161 1951 laudabile.
1180 1916 1247 1957 Cic.
1264 1917 1312 1950 II.
1329 1915 1392 1965 Off.
1400 1932 1427 1954 c.
1437 1930 1486 1956 20.
1509 1921 1568 1958 Aſt
1578 1924 1614 1959 in
1629 1929 1699 1960 hoc

429 1948 524 1989 bello
537 1948 637 1989 nulla
661 1947 770 2002 cauſae
784 1951 925 2007 iuſtitia
928 1959 1220 2012 deprehenditur:
1240 1959 1406 2014 ſiqvidem
1422 1972 1607 2019 gerebatur
1616 1983 1699 2020 pro-
