3024 4207
1053 292 1315 339 Conſilium
1315 292 1485 339 XXIX.

2210 285 2343 353 565

181 429 246 476 981

186 873 248 918 982

184 924 245 968 983

191 1513 257 1559 984

197 1946 270 1991 985

197 2189 261 2235 586

193 2386 259 2428 987

195 2618 260 2662 988

194 2896 255 2938 989

195 3461 264 3500 990

270 390 291 416 n.
300 388 381 425 347.
391 377 438 416 de
449 373 584 428 teſtam.
590 384 627 429 p.
638 388 669 413 1.
697 367 767 429 poſt
793 376 901 414 Lucam
924 376 970 413 de
979 372 1105 414 Penna
1118 371 1163 412 in
1163 371 1192 411 l.
1206 389 1234 410 i.
1246 376 1283 410 C.

270 444 304 468 ne
310 426 393 477 ruſt.
401 428 454 465 ad
461 430 522 465 ull.
531 424 641 479 obſeq.
659 426 708 463 Et
721 427 893 463 dominus
911 424 1110 471 prohibere
1118 435 1196 461 non
1203 422 1282 472 poſ-

270 482 301 518 ſit
313 479 473 521 ſubditis,
482 488 528 514 ne
540 474 709 513 animalia
718 475 778 512 ſua
790 474 986 512 extrahant
997 473 1042 509 ad
1050 472 1133 510 loca
1142 482 1282 513 extera,

270 529 369 565 ubiea
379 526 494 563 cariùs
504 523 666 563 vendere
679 522 826 573 poſſint,
836 533 954 570 neque
965 523 1092 569 jubere
1102 522 1168 559 iſto
1182 519 1282 562 caſu,

270 588 301 615 ut
317 585 513 614 teneantur
528 576 688 614 vendere
704 574 857 611 domino
880 572 997 620 ejusq́;
1013 571 1230 610 macellariis
1244 572 1284 608 in

270 627 323 664 ſuo
340 623 523 665 dominio,
534 623 618 659 cùm
635 621 677 658 ſit
694 629 825 658 contra
842 620 928 667 juris
945 618 1150 656 communis
1166 618 1283 666 diſpo-

270 676 424 713 ſitionem,
465 682 508 708 ut
523 673 603 718 quis
617 673 757 709 vendat
776 681 854 707 rem
875 670 974 708 ſuam
992 669 1126 706 minori
1142 666 1285 717 pretio,

270 723 369 771 quàm
380 724 423 758 ab
434 721 506 758 alio
516 721 640 758 haberi
649 717 778 766 poſſit,
788 729 853 756 aut
862 728 918 755 res
927 717 1040 755 etiam
1049 717 1185 754 valeat.
1193 716 1286 754 Nat-

270 780 298 805 ta
310 767 464 814 conſ.83.
475 779 513 805 n.
521 780 556 810 4.
574 765 712 803 Covar.
723 778 755 809 3.
769 776 855 801 var.
876 765 978 810 Reſol.
991 775 1071 806 114.
1086 775 1122 799 n.
1136 765 1166 798 6.
1194 771 1286 808 quos

270 822 371 858 refert
387 820 404 855 &
420 818 582 867 ſequitur
587 819 750 854 Bertazz.
758 813 870 863 conſil.
882 813 987 853 civil.
997 825 1052 850 21.
1078 825 1095 848 n
1127 824 1160 855 47.
1190 807 1207 852 &
1221 819 1285 855 48.

270 871 323 906 ubi
339 869 435 907 idem
452 869 488 904 in
506 866 718 904 venditione
730 865 899 908 faſcium,
918 861 1104 910 lignorum
1121 862 1156 899 &
1171 872 1284 899 anno-

270 927 312 952 næ
335 917 499 955 obtinere
517 915 655 953 ſtatuit.
680 915 790 951 Addo
813 914 972 951 eundem
990 913 1145 950 Nattam
1171 909 1288 960 conſil.

270 972 342 1003 43.
357 971 393 996 n.
405 974 437 997 1.
453 957 500 1001 &
515 957 630 1004 29.
601 956 626 1010 &
644 970 722 1001 554.
734 969 771 993 n.
783 968 836 998 31.
853 968 929 1003 quo
938 957 1013 994 loci
1023 956 1239 1000 contendit,
1251 967 1289 994 e-

270 1018 350 1053 tiam
368 1013 670 1053 conſuetudinem
686 1012 870 1050 vendendi
885 1011 1030 1049 hordeũ
1049 1011 1075 1048 &
1091 1010 1176 1049 vina
1186 1008 1290 1048 Prin-

270 1063 346 1112 cipi
346 1062 466 1108 viliori
476 1062 614 1105 pretio,
624 1068 801 1108 tanquam
820 1057 1046 1096 violentam,
1054 1068 1131 1093 non
1145 1054 1289 1098 valere,

270 1112 324 1150 niſi
341 1122 386 1148 ex
404 1110 520 1147 libero
541 1109 678 1146 civium
697 1107 871 1144 conſenſu
886 1107 1040 1143 oriatur.

309 1160 399 1209 Zum
412 1160 622 1204 Vierdten/
621 1169 725 1200 wann
736 1169 814 1199 man
825 1162 889 1199 das
904 1159 1021 1201 Werck
1031 1156 1217 1206 eigentlich/
1225 1158 1290 1198 wie

270 1218 300 1253 es
317 1211 515 1257 beſchaffen/
538 1210 663 1251 tauffen
680 1210 780 1249 will/
800 1212 856 1249 als
874 1210 908 1253 iſt
922 1210 951 1248 ſo
972 1208 1037 1247 viel
1054 1206 1239 1252 ohnſchwer
1254 1214 1290 1252 zu

270 1258 540 1304 vermercken/daß
560 1253 640 1303 durch
663 1258 738 1302 ſolch
756 1251 934 1306 angelegtes
966 1256 1079 1300 Verbot
1097 1259 1149 1297 der
1159 1256 1289 1295 Victu-

270 1308 349 1347 alien
366 1310 434 1347 und
451 1309 591 1347 anderer
609 1295 876 1352 Handthierung
896 1304 1014 1346 halben
1040 1302 1143 1343 dahin
1161 1302 1290 1347 gezielet

270 1366 395 1401 werde/
404 1357 572 1401 dergeſtalt
591 1352 642 1400 die
641 1356 794 1399 Gewerb
802 1365 865 1395 von
878 1359 935 1395 der
943 1353 1068 1399 Stadt
1076 1354 1212 1393 Landau
1221 1354 1288 1393 ab/

270 1409 319 1449 ins
329 1404 519 1455 Pfaͤltziſche
533 1405 660 1446 Gebiet
668 1413 703 1450 zu
714 1402 942 1444 transferiren
953 1404 1021 1442 und
1031 1402 1123 1440 einen
1134 1396 1289 1448 eigennuͤ⸗

270 1450 360 1495 tzigen
376 1436 659 1495 monopoliſchen
676 1443 845 1491 Vortheil
861 1453 897 1490 zu
913 1445 1057 1489 erjagen.

325 1505 483 1549 Welches
502 1508 553 1543 den
562 1503 735 1547 gemeinen
744 1502 892 1546 Rechten
902 1504 971 1542 und
980 1504 1058 1542 dero
1069 1502 1182 1547 Lehrer
1192 1500 1290 1543 Mei⸗

270 1561 358 1599 nung
375 1553 460 1591 nicht
477 1551 561 1590 allen
577 1552 596 1586 è
613 1548 795 1588 diametro
815 1551 998 1593 entgegen/
1022 1546 1075 1585 die
1095 1547 1156 1587 alle
1172 1545 1294 1582 Statu-

270 1609 331 1642 ta,
359 1602 503 1643 dadurch
527 1600 580 1637 ein
600 1595 859 1645 monopolium
882 1590 1070 1643 eingefuͤhrt
1094 1598 1165 1635 und
1180 1593 1295 1635 fovirt

270 1651 440 1685 wird/vor
458 1637 626 1694 unzulaͤſſig
642 1644 711 1682 und
725 1634 878 1684 verboten
897 1640 1037 1685 achten/
1053 1639 1247 1677 Innocent.
1255 1640 1296 1674 in

270 1705 297 1730 c.
318 1704 397 1730 cum
410 1688 626 1741 acceſſiſſent.
642 1691 685 1728 de
694 1688 827 1741 conſtit.
843 1692 916 1730 Dd.
929 1688 1002 1727 inl.
1014 1701 1044 1726 1.
1059 1694 1096 1725 C.
1110 1687 1157 1725 de
1175 1699 1294 1724 mono-

270 1745 336 1795 pol.
353 1742 439 1781 Rol.
450 1739 679 1791 conſil.
585 1744 642 1788 22.
656 1744 687 1793 n.
698 1753 725 1785 9.
733 1739 811 1785 vol.
823 1753 856 1777 2.
875 1735 962 1787 Surd.
976 1734 1105 1792 conſil.
1104 1748 1228 1782 321.n.
1239 1748 1298 1776 25.

270 1795 474 1833 Cacheran.
489 1793 593 1840 deciſ.
606 1804 662 1837 17.
682 1805 720 1829 n.
739 1796 793 1830 16.
817 1791 901 1829 Sola
915 1791 956 1828 in
973 1787 1117 1840 Conſtit.
1136 1785 1297 1828 Sabaud.

270 1841 332 1892 ſub
349 1837 449 1880 rubr.
458 1840 506 1879 de
519 1833 680 1889 accuſat.
715 1836 737 1880 &
756 1834 915 1892 inquiſit.
931 1837 993 1875 tit.
1010 1835 1058 1874 de
1067 1835 1229 1887 proceſſu
1241 1836 1298 1874 in-

270 1889 482 1942 quiſitorial.
493 1888 547 1942 gl.
568 1901 598 1927 1.
610 1892 729 1940 partis
745 1900 781 1925 n.
798 1902 851 1925 11.
872 1887 1079 1926 Grammat.
1095 1885 1205 1934 deciſ.
1221 1897 1298 1922 100.

270 1946 306 1990 n.
316 1950 373 1973 12.
387 1934 743 1987 Quemadmodum,
729 1938 770 1979 ſi
785 1937 865 1984 quis
880 1935 974 1975 velit
988 1935 1212 1983 compellere
1228 1934 1299 1972 ho-

270 1990 382 2026 mines
395 1990 442 2023 ad
458 1986 669 2024 adeundum
693 1985 876 2023 duntaxat
895 1983 996 2021 ſuum
1010 1983 1203 2032 proprium
1218 1992 1299 2018 mo-

270 2037 468 2079 lendinum,
479 2037 508 2072 is
519 2035 755 2073 committere
766 2031 1026 2081 monopolium
1035 2030 1223 2074 cenſetur,
1234 2030 1298 2069 So-

270 2088 337 2124 cin.
354 2083 468 2133 conſil.
480 2093 565 2131 272.
583 2097 619 2121 n.
632 2080 717 2127 5.&
726 2090 757 2122 6.
770 2083 848 2120 vol.
861 2096 893 2128 3.
912 2081 1048 2121 Boſſius
1060 2091 1110 2119 tr.
1131 2080 1166 2119 de
1172 2081 1297 2118 union.

270 2136 478 2186 &colligat.
488 2147 526 2172 n.
538 2148 571 2180 7.
587 2135 741 2173 Decian.
751 2133 792 2170 in
794 2142 854 2184 pr.
863 2131 964 2170 crim.
972 2128 1036 2170 lib.
1043 2142 1116 2176 7.c.
1126 2141 1183 2166 21.
1192 2141 1228 2166 n.
1240 2141 1298 2167 21.

271 2187 331 2222 ubi
341 2186 461 2227 addit,
476 2183 656 2232 ejusmodi
671 2183 849 2220 ſtatutum
859 2180 992 2220 tollere
1004 2180 1216 2219 libertatem
1232 2188 1298 2227 pu-

270 2237 425 2274 blicam,
432 2234 589 2282 ideoque
597 2243 673 2271 non
680 2233 832 2274 valere:
836 2232 937 2280 quod
945 2233 982 2270 &
988 2232 1123 2281 probat
1128 2231 1294 2271 Bertazz.

270 2277 394 2334 conſil.
403 2283 494 2319 civil.
505 2293 525 2318 2
536 2295 562 2317 1.
586 2293 615 2317 n.
635 2288 678 2318 48.
695 2281 770 2318 vol.
783 2293 812 2316 1.
828 2279 924 2316 idem
941 2280 1104 2317 Bertazz.
1119 2277 1161 2314 in
1172 2275 1294 2314 addit.

270 2331 308 2367 in
317 2334 371 2368 lit.
379 2343 413 2368 a.
444 2329 464 2371 &
481 2326 595 2375 conſil.
605 2338 688 2370 420.
701 2339 737 2363 n.
747 2339 799 2364 10.
811 2323 870 2364 lib.
878 2337 913 2364 2.
932 2326 974 2362 in
990 2324 1171 2364 criminal.
1188 2324 1293 2362 Surd.

270 2381 375 2431 conſil.
389 2395 470 2420 321.
477 2392 515 2417 n.
524 2392 580 2417 26.
596 2381 706 2418 Haud
722 2380 834 2417 ſecus,
847 2388 892 2416 ut
899 2377 923 2414 ſi
931 2377 993 2417 vel
1007 2377 1065 2415 ſex
1080 2387 1146 2414 aut
1159 2376 1296 2424 ſeptem

270 2432 467 2469 macellarii
485 2431 687 2477 impetrent
703 2427 937 2477 privilegium
953 2426 1177 2475 monopolii,
1189 2438 1233 2464 ut
1241 2426 1296 2464 ſo-

270 2481 298 2517 li
298 2481 426 2517 carnes
440 2478 626 2520 vendant,
639 2476 850 2525 hujusmodi
865 2474 1099 2525 privilegium
1107 2485 1183 2511 non
1192 2473 1293 2512 vale-

270 2541 333 2573 re,
354 2540 400 2565 ex
417 2539 492 2577 quo
508 2529 546 2567 ſit
556 2529 591 2565 in
607 2527 858 2577 præjudicium
873 2524 1100 2575 Reipublicæ
1118 2524 1164 2561 ad
1180 2534 1295 2560 anno-

270 2592 352 2616 nam
367 2577 642 2626 flagellandam,
653 2576 792 2615 cenſuit
809 2573 981 2614 Chaſſan.
996 2570 1097 2611 rubr.
1110 2583 1162 2616 13.
1173 2580 1251 2613 §.7.
1260 2582 1297 2607 n.

274 2635 324 2667 17.
343 2624 435 2664 verſ.
442 2624 537 2655 Item
550 2618 660 2654 adde.
680 2618 728 2656 Et
744 2615 943 2664 collegium
959 2616 1205 2652 Notariorum
1223 2625 1299 2648 non

270 2678 366 2724 poſſe
383 2675 503 2714 facere
520 2674 715 2716 ſtatutum,
727 2671 827 2722 quòd
842 2683 970 2709 nemo,
983 2671 1045 2709 niſi
1055 2672 1098 2709 ſit
1110 2673 1155 2708 de
1169 2680 1300 2707 eorum

270 2735 439 2763 numero,
456 2724 610 2773 recipiat
624 2721 934 2765 Inſtrumentum,
953 2718 1038 2756 cùm
1053 2718 1168 2757 etiam
1184 2718 1301 2766 ſapiat

270 2774 545 2822 monopolicam
558 2771 809 2822 pravitatem,
836 2769 1022 2819 reſpondit
1045 2771 1166 2807 Natta
1181 2765 1301 2817 conſil.

273 2827 352 2867 672.
368 2833 400 2858 n.
416 2833 464 2864 50.
483 2823 587 2860 Surd.
602 2819 717 2868 conſil.
727 2828 808 2864 257.
817 2830 851 2855 n.
863 2829 919 2854 12.

343 2868 547 2912 Beſondern
559 2870 595 2909 es
604 2866 677 2912 ſeyn
685 2865 765 2908 auch
776 2862 973 2911 dergleichen
983 2854 1201 2910 eigennuͤtzige
1216 2871 1296 2898 mo-

270 2925 460 2972 nopoliſche
481 2922 702 2969 Ordnungen
724 2923 758 2961 in
783 2922 845 2964 deß
867 2921 920 2965 H.
941 2920 1071 2960 Reichs
1082 2917 1296 2967 publicirten

270 2971 493 3018 Satzungen/
510 2970 731 3015 inſonderheit
743 2971 818 3010 dem
835 2969 993 3015 Abſchied
1018 2968 1056 3005 de
1084 2968 1175 3004 Anno
1187 2975 1295 3010 1512.

270 3031 305 3065 zu
319 3020 409 3064 Coͤln
426 3020 627 3066 aufgericht/
641 3025 669 3061 §.
679 3021 756 3062 Und
766 3019 930 3063 nachdem
945 3020 1058 3056 etwan
1074 3018 1137 3056 viel
1153 3024 1195 3055 ꝛc.
1222 3016 1299 3059 Po⸗

270 3064 562 3114 licey ⸗ Ordnung
572 3069 616 3103 de
627 3068 738 3104 Anno
751 3071 857 3111 1548.
869 3066 904 3104 &
912 3065 958 3103 de
967 3066 1104 3102 Annno
1118 3072 1226 3108 1577.
1235 3063 1298 3100 ſub

271 3118 331 3154 tit.
349 3116 424 3159 Die
432 3111 651 3161 Monopolia
668 3116 744 3156 und
752 3111 925 3158 ſchaͤdliche
935 3100 1298 3158 Auſ⸗ und Fuͤrkaͤuffe

271 3168 485 3212 belangende/
496 3173 536 3204 ꝛc.
556 3167 610 3204 mit
617 3164 813 3211 Aufſetzung
823 3162 953 3207 ſtarcker
963 3161 1229 3210 Poen/ernſtlich
1236 3169 1305 3201 ver⸗

273 3215 394 3256 boten/
403 3214 577 3259 deßwegen
587 3217 679 3252 dann
688 3215 739 3253 die
749 3213 841 3258 Kaiſ.
853 3211 992 3257 Majeſt.
1003 3213 1071 3250 und
1082 3209 1183 3254 Dero
1195 3207 1303 3250 Cam⸗

274 3262 490 3311 mergericht/
510 3254 550 3301 um
562 3260 781 3307 Abſchaffung
799 3258 917 3302 ſolcher
935 3255 1128 3305 ſchaͤdlichen
1155 3256 1304 3301 Ordnun⸗

274 3317 361 3354 gen/
371 3308 440 3357 auf
440 3307 631 3355 Anruffung
643 3311 700 3348 der
711 3307 948 3351 Beſchwerten
958 3307 1063 3345 wider
1070 3307 1122 3345 die
1132 3303 1302 3346 Ubertret⸗

276 3364 345 3398 ter/
353 3369 419 3402 per
429 3358 526 3396 viam
535 3356 697 3395 mandati
705 3357 776 3395 ſine
787 3353 958 3393 Clauſula
975 3364 1011 3400 zu
1030 3352 1234 3401 verfahren/
1240 3360 1303 3393 an⸗

276 3398 431 3455 gewoͤhnt
445 3410 491 3454 iſt.

370 3452 549 3501 Jnmaſſen
566 3453 658 3493 dann
675 3457 735 3492 vor
751 3450 867 3496 dieſem
884 3453 918 3491 in
936 3449 1084 3493 Sachen
1101 3452 1158 3490 der
1177 3447 1304 3494 Stadt

277 3499 546 3547 Braunſchweig
568 3507 699 3535 contra
715 3498 898 3546 Hertzogen
917 3495 1219 3544 Braunſchweig/
1243 3503 1302 3534 am

278 3550 534 3598 hochermeldten
545 3548 849 3598 Cammergericht/
859 3548 939 3588 auch
955 3556 1017 3587 vor
1033 3546 1144 3590 wenig
1159 3546 1304 3593 abgewi⸗

279 3599 394 3639 chenen
402 3596 564 3643 Jahren/
575 3600 609 3637 in
619 3588 764 3638 Sachen
781 3595 842 3641 deß
851 3597 964 3642 Herrn
975 3594 1084 3634 Abten
1093 3585 1133 3638 zu
1138 3591 1304 3638 Kempten

279 3650 347 3687 und
363 3650 450 3693 ihrer
466 3647 524 3694 Fr.
544 3649 621 3689 Gn.
641 3639 840 3686 Conſorten
862 3644 968 3684 wider
984 3643 1036 3682 die
1051 3642 1178 3686 Stadt
1187 3642 1305 3683 Mem⸗

279 3698 437 3743 mingen/
449 3702 538 3736 eines
552 3693 806 3743 gleichmaͤſſigen
819 3695 980 3738 Verbots
995 3694 1064 3733 und
1080 3692 1305 3737 vermeintlich

280 3744 526 3791 auſgerichteter
534 3744 711 3790 Ordnung
727 3744 855 3783 halber
865 3740 1044 3779 Mandata
1056 3736 1215 3786 pœnalia
1224 3743 1305 3780 aus⸗

280 3799 414 3842 gangen
431 3799 500 3834 und
517 3798 644 3835 ertheilt
664 3796 798 3832 worden
815 3791 905 3837 ſeyn.

1398 371 1591 425 Fuͤnfftens
1599 372 1672 421 gibt
1682 373 1760 415 aud
1768 374 1872 414 wider
1882 370 1944 418 deß
1954 369 2124 421 Pfaͤltziſch
2133 367 2348 416 angemaſten

1316 420 1507 466 Abwehren
1515 424 1585 458 und
1595 417 1789 460 Verbieten
1797 418 2034 456 wolermeldteꝛ
2045 418 2177 460 Herren
2187 422 2251 452 von
2266 418 2349 453 Lan⸗

1315 478 1383 517 dau
1401 482 1468 516 und
1486 478 1574 519 ihres
1583 475 1866 519 Wochenmarcks
1884 474 2106 518 herbrachtem
2121 470 2350 517 ohnverſperr⸗

1319 531 1371 565 ten
1394 523 1516 571 Zugang
1533 524 1600 563 kein
1617 522 1776 570 geringen
1786 522 1993 566 Vorſtand/
2008 524 2074 565 daß
2091 521 2130 567 ſie
2149 523 2225 560 eben
2247 519 2350 562 deſſen

1319 579 1433 618 wegen
1455 581 1534 611 vom
1549 572 1667 613 Kaiſer
1682 570 1886 619 Rudolpho
1907 580 2016 613 1291.
2040 575 2101 606 vor
2124 567 2180 613 ſich
2207 571 2273 606 und
2289 567 2351 605 alle

1318 626 1386 661 und
1396 623 1481 667 jede/
1492 621 1525 666 ſo
1539 621 1644 665 dahin
1656 618 1822 664 Kauffens
1837 623 1915 657 oder
1926 616 2159 663 Verkauffens
2171 616 2285 659 halber
2295 624 2351 654 zie⸗

1321 670 1383 712 hen
1396 675 1472 709 oder
1483 669 1600 712 reiſen/
1611 666 1836 708 inſonderheit
1849 662 1906 710 und
1919 675 2006 712 zwar
2015 669 2072 704 der
2082 665 2193 709 geſtalt
2203 663 2350 712 privile-

1320 718 1406 766 girt/
1415 719 1482 764 daß
1491 718 1531 763 ſie
1547 729 1578 756 in
1596 717 1825 758 ſonderbarem
1832 714 1944 763 Jhrer
1954 714 2048 753 Kaiſ.
2060 713 2199 757 Majeſt.
2215 717 2283 752 und
2293 711 2354 758 deß

1319 772 1372 811 H.
1383 765 1510 809 Reichs
1521 765 1647 812 Schutz
1652 758 1730 811 und
1740 762 1875 803 Schirm
1893 764 1965 807 ſeyn
1978 766 2045 802 und
2057 762 2188 800 bleiben/
2204 765 2266 799 und
2275 763 2354 800 dar⸗

1319 812 1399 856 uͤber
1408 816 1454 853 im
1470 814 1644 860 wenigſten
1665 815 1818 852 betrangt
1835 814 1903 851 und
1917 808 2131 855 angefochten
2148 816 2281 848 werden
2299 810 2355 851 ſol⸗

1322 867 1451 904 len/ꝛc.
1467 865 1548 903 alles
1564 865 1713 904 mehrern
1727 863 1876 908 Jnhalts
1885 861 1946 898 ſub
1957 870 2057 897 num.
2067 871 2129 907 40.
2146 860 2209 899 den
2221 857 2333 896 actis
2321 853 2354 902 in

1323 915 1443 959 Copia
1455 910 1670 960 beygefuͤgten
1681 912 1878 960 Privilegii.

1420 956 1633 1002 Allermaſſen
1644 959 1734 993 dann
1743 964 1815 1001 zum
1826 953 1991 998 Sechſten
2001 962 2106 990 extra
2118 951 2262 990 cauſam
2280 950 2352 1000 ſpe-

1325 1006 1425 1046 cialis
1437 1004 1625 1053 Privilegii
1646 1004 1828 1050 insgemein
1852 1002 1914 1041 alle
1929 1011 2112 1038 mercatus
2133 1002 2168 1037 &
2184 999 2354 1037 nundinæ

1323 1054 1454 1101 vigore
1467 1053 1552 1100 juris
1569 1045 1774 1090 communis
1786 1053 1851 1090 alſo
1862 1050 2004 1095 gefreyet
2015 1050 2109 1094 ſeyn/
2121 1058 2163 1085 ut
2174 1058 2300 1085 omnes
2311 1048 2356 1084 eò

1324 1107 1469 1142 emendi
1488 1103 1548 1141 vel
1567 1103 1750 1141 vendendi
1766 1100 1885 1148 gratiâ
1905 1097 2134 1136 ambulantes
2152 1110 2227 1134 non
2238 1096 2356 1134 minùs

1325 1157 1340 1192 à
1353 1155 1450 1203 Juris
1461 1154 1571 1201 quàm
1582 1153 1669 1191 facti
1678 1152 1851 1191 moleſtiis
1862 1151 1935 1190 tuti
1951 1150 2033 1192 ſint,
2058 1150 2356 1196 quemadmodum

1325 1216 1372 1240 ex
1389 1201 1547 1239 Corſeto
1566 1200 1763 1237 annotavit
1780 1200 1837 1247 Jo.
1855 1200 1965 1237 Vinc.
1987 1196 2168 1234 Carocius
2184 1205 2234 1232 tr.
2255 1196 2301 1232 de
2316 1207 2359 1231 re

1311 1253 1474 1302 furtiva
1487 1259 1596 1302 penes
1612 1250 1767 1287 tertium
1783 1256 1929 1299 reperta
1952 1258 2012 1300 qu.
2027 1259 2079 1284 27.
2112 1258 2120 1281 n
2145 1258 2180 1282 2.
2203 1243 2248 1285 &
2254 1248 2358 1295 ſeqq.

1412 1299 1592 1343 Demnach
1603 1302 1694 1339 dann
1706 1307 1775 1338 zum
1786 1294 1952 1342 Beſchluß
1971 1296 2055 1335 nicht
2064 1295 2209 1341 weniger
2219 1295 2358 1331 Rechts⸗

1321 1343 1485 1391 gruͤndig:
1498 1344 1610 1393 Quòd
1620 1343 1666 1385 is,
1678 1344 1739 1391 qui
1750 1342 1912 1380 obtinuit
1922 1342 1985 1389 Jus
2000 1348 2205 1383 mercatus,
2216 1338 2323 1386 poſſit
2339 1342 2360 1376 à

1322 1387 1516 1435 Superiore
1534 1395 1732 1439 impetrare
1747 1390 2047 1432 inhibitionem,
2054 1400 2099 1425 ne
2121 1389 2248 1425 ſimiles
2265 1398 2358 1423 mer-

1324 1453 1430 1482 catus
1447 1443 1536 1483 fiant
1546 1446 1679 1481 eodem
1690 1446 1747 1481 die
1758 1444 1795 1480 in
1804 1442 1970 1480 Civitate
1980 1440 2119 1478 vicina,
2130 1439 2175 1476 eò
2193 1438 2292 1486 quòd
2306 1438 2359 1474 fu-

1324 1504 1451 1532 turum
1471 1492 1530 1536 ſit,
1553 1503 1595 1528 ut
1614 1502 1679 1538 per
1695 1490 1910 1528 concurſum
1933 1492 1965 1527 ei
1984 1489 2158 1528 indirectò
2179 1495 2360 1525 noceatur

1329 1548 1362 1583 &
1384 1542 1663 1589 negotiantibus
1686 1542 1724 1578 in
1740 1539 1845 1589 plura
1869 1540 1954 1579 loca
1970 1541 2087 1577 diviſis
2105 1546 2288 1575 mercatus
2308 1538 2360 1573 di-

1329 1591 1538 1633 minuatur,
1554 1589 1655 1638 quod
1670 1590 1747 1636 pati
1765 1588 1980 1634 neutiquam
1999 1586 2167 1633 cogitur,
2186 1586 2362 1633 quemad-

1329 1641 1482 1678 modum
1502 1642 1699 1680 annotavit
1717 1637 1911 1677 Teſſaurus
1927 1636 2040 1683 deciſ.
2047 1640 2130 1678 264.
2140 1647 2216 1676 n.5.
2232 1633 2360 1682 Chop-

1329 1688 1404 1737 pin.
1413 1686 1473 1725 lib.
1486 1700 1518 1725 1.
1528 1687 1575 1724 de
1588 1682 1708 1736 Legib.
1718 1685 1846 1723 Andiũ
1857 1695 1944 1727 c.44.
1957 1688 2031 1722 n.8.
2041 1685 2140 1730 verſ.
2147 1684 2187 1720 in
2197 1681 2362 1733 antiquo.

1379 1742 1444 1781 Als
1452 1743 1584 1780 werden
1593 1740 1813 1784 wolgedachte
1820 1737 1954 1784 Herren
1963 1744 2028 1776 von
2036 1735 2179 1781 Landau
2179 1735 2236 1781 diß
2246 1735 2364 1778 Orts/

1329 1792 1375 1830 da
1390 1800 1469 1829 man
1486 1792 1539 1830 die
1548 1786 1737 1836 Pfaͤltziſche
1748 1785 1969 1833 Hinterſaſſen
1985 1787 2054 1826 und
2063 1788 2184 1824 andere
2194 1779 2363 1824 Ausmaͤr⸗

1332 1842 1398 1882 cker
1406 1848 1472 1880 von
1480 1839 1735 1883 Landauiſchem
1744 1836 2055 1883 Wochen⸗Marckt
2064 1836 2283 1881 abzuhalten/
2294 1840 2364 1873 und

1332 1889 1397 1933 alſo
1415 1888 1582 1931 denſelben
1598 1887 1779 1933 allerdings
1795 1887 1829 1925 in
1839 1885 1987 1931 Abgang
2000 1893 2037 1931 zu
2048 1882 2212 1931 bringen/
2222 1882 2362 1921 directò

1308 1939 1380 1979 im
1398 1939 1513 1981 Werck
1523 1940 1579 1980 iſt/
1592 1938 1672 1982 ſolch
1685 1933 1917 1982 nachgriffiges
1928 1934 2057 1981 Jntent
2070 1944 2136 1974 von
2145 1933 2203 1981 ſich
2216 1930 2365 1980 zuthaͤdi⸗

1331 1994 1423 2031 gen/
1434 1987 1469 2025 in
1478 1985 1587 2029 Recht
1595 1994 1651 2024 um
1662 1984 1692 2029 ſo
1701 1985 1762 2024 viel
1777 1984 1958 2029 deſtomehr
1966 1981 2082 2027 befugt
2096 1980 2185 2026 ſeyn.
2210 1981 2246 2016 Si
2263 1979 2363 2018 enim

1332 2031 1421 2081 juſtè
1437 2041 1635 2068 amovetur
1650 2029 1709 2076 id,
1713 2028 1818 2076 quod
1832 2037 1898 2076 per
1908 2024 2122 2064 indirectum
2139 2026 2164 2063 &
2179 2024 2364 2072 quandam

1336 2077 1635 2126 conſequentiam
1656 2077 1693 2114 in
1716 2076 1865 2116 alterius
1881 2077 2055 2112 damnum
2073 2072 2219 2119 vergit,
2242 2072 2363 2110 multò

1332 2127 1454 2165 minùs
1472 2126 1539 2166 id,
1564 2126 1664 2173 quod
1688 2125 1828 2164 directò
1847 2125 1894 2160 ad
1917 2122 2127 2159 nocendum
2151 2123 2365 2159 ordinatum

1332 2177 1403 2218 eſt,
1415 2186 1458 2212 ut
1468 2175 1548 2225 quis
1559 2175 1740 2222 patiatur,
1751 2174 1825 2212 ullà
1836 2172 1982 2220 cogitur
1991 2173 2136 2210 ratione
2158 2173 2204 2209 Et
2214 2171 2301 2209 aliàs
2310 2182 2364 2207 re-

1331 2228 1389 2266 ctè
1401 2228 1414 2263 à
1431 2226 1516 2263 loco
1534 2225 1579 2261 ad
1594 2223 1766 2273 perſonas
1783 2231 2045 2267 argumentum
2062 2220 2146 2257 duci
2162 2220 2293 2267 poteſt.
2317 2223 2361 2260 E-

1326 2274 1432 2315 verh.
1446 2275 1488 2311 in
1503 2271 1598 2317 loco,
1622 2271 1648 2308 à
1664 2265 1740 2308 loco
1756 2268 1808 2307 ad
1820 2268 2006 2321 perſonas.

1455 2356 1856 2394 CONFUTATIO
1882 2353 2226 2394 CONTRARI-

1757 2410 1936 2443 ORUM.

1326 2469 1417 2563 W

1428 2468 1542 2523 Elchem
1565 2476 1662 2515 allem
1681 2475 1760 2518 auch
1780 2475 1888 2515 damit
1906 2472 2013 2514 nichts
2030 2470 2282 2515 abgebrochen/
2298 2469 2368 2517 daß

1417 2532 1499 2563 man
1535 2516 1728 2568 obgehoͤrter
1764 2522 1901 2569 Maſſen
1936 2508 2225 2568 hoͤchſterwehnter
2255 2518 2372 2560 Chur⸗

1332 2573 1442 2621 Pfaltz
1458 2575 1496 2611 vi
1502 2570 1770 2622 Jurisdictionis
1788 2568 1924 2607 ſtatuta
1934 2567 2155 2615 aufzurichten
2166 2566 2365 2611 bekenntlich

1333 2612 1528 2662 einraͤumen
1544 2617 1637 2664 muß.

1387 2670 1573 2712 Alldieweil
1584 2668 1713 2715 ſolches
1723 2666 1863 2705 cæteris
1871 2664 2035 2714 paribus,
2035 2664 2104 2711 und
2112 2663 2175 2711 von
2175 2662 2364 2710 ziemlichẽ/

1333 2714 1508 2767 zulaͤſſigen
1518 2721 1586 2759 und
1599 2709 1752 2765 redlichen
1752 2708 1923 2761 Statutis,
1949 2717 2086 2757 Geboten
2098 2715 2177 2757 und
2177 2714 2367 2757 Verboten/

1333 2769 1414 2809 aber
1421 2778 1485 2815 gar
1495 2769 1582 2813 nicht
1590 2769 1697 2814 dahin
1697 2769 1739 2810 zu
1747 2766 1926 2815 verſtehen/
1937 2761 1990 2814 daß
2008 2765 2097 2810 einer
2097 2763 2297 2812 Herꝛſchafft
2314 2764 2368 2801 in-

1335 2817 1473 2855 hiando
1482 2817 1638 2864 propriis
1648 2812 1875 2854 utilitatibus
1875 2812 1919 2851 in
1929 2811 2181 2859 præjudicium
2192 2810 2364 2850 aliorum,

1337 2866 1425 2911 einig
1443 2863 1555 2912 griffig
1568 2869 1637 2904 und
1652 2859 1851 2908 verfaͤnglich
1869 2863 1994 2900 Statut
2010 2865 2077 2902 und
2088 2861 2289 2908 Oronung/
2309 2863 2370 2895 da⸗

1338 2914 1434 2953 durch
1444 2905 1489 2961 ſie
1511 2900 1567 2958 alle
1575 2901 1841 2958 Handthierung
1860 2918 1906 2947 an
1922 2908 1978 2952 ſich
1996 2909 2064 2948 und
2076 2909 2145 2954 ihre
2152 2903 2368 2956 Angehoͤrige

1336 2965 1433 3005 allein
1445 2964 1552 3011 ziehen
1563 2957 1631 3002 und
1640 2963 1726 3007 ſeine
1726 2961 1990 3006 Benachbarten
2001 2963 2096 2999 deren
2106 2958 2254 3006 entſetzen
2265 2953 2369 3001 moͤch⸗

1334 3017 1418 3052 ten/
1433 3020 1467 3055 zu
1482 3010 1726 3059 promulgiren
1745 3012 1875 3051 erlaubt
1890 3010 1961 3053 ſeyn
1983 3009 2072 3056 ſolte.

1409 3058 1500 3106 Daß
1512 3059 1591 3098 aber
1600 3061 1696 3097 unter
1708 3056 1870 3104 beſagtem
1880 3056 2030 3092 Statuto
2042 3057 2110 3093 und
2119 3051 2299 3102 Ordnung
2311 3049 2369 3099 diß

1333 3098 1525 3149 fuͤrnemlich
1541 3101 1723 3148 vergraben
1746 3102 1828 3145 lige/
1842 3100 1955 3144 ſolches
1977 3099 2012 3143 iſt
2032 3098 2151 3138 bereits
2168 3098 2249 3135 oben
2264 3102 2369 3139 ange⸗

1338 3163 1435 3207 regt/
1450 3163 1520 3200 und
1537 3159 1599 3200 kan
1615 3168 1680 3199 von
1697 3153 1901 3205 maͤnniglich
1920 3159 1981 3197 mit
1998 3158 2160 3202 ſchlechter
2172 3154 2369 3200 Vernunfft

1338 3206 1524 3254 ohnſchwer
1538 3204 1695 3246 berechnet
1718 3209 1846 3245 werden.
1871 3202 2060 3250 Ejusmodi
2077 3211 2202 3238 autem
2222 3202 2369 3237 Statuta

1337 3257 1373 3292 in
1388 3254 1639 3304 præjudicium
1648 3253 1748 3291 tertii
1759 3252 1948 3299 vergentia
1957 3252 1991 3289 &
2002 3252 2102 3287 bono
2114 3248 2262 3295 publico
2278 3259 2367 3285 con-

1336 3303 1447 3341 traria
1469 3301 1686 3349 neutiquam
1705 3300 1852 3337 ferenda
1869 3298 1971 3341 ſunt,
1989 3308 2051 3335 aut
2066 3298 2186 3334 valida
2204 3297 2367 3345 judican-

1336 3362 1408 3389 tur.
1426 3351 1586 3388 Cacher.
1595 3347 1763 3395 deciſ.
1721 3351 1769 3397 17.
1774 3359 1810 3384 n.
1823 3361 1858 3391 9.
1877 3348 2010 3394 Neque
2023 3346 2120 3382 enim
2130 3345 2181 3383 ita
2192 3345 2367 3382 debemus

1336 3399 1525 3437 verſuram
1539 3399 1633 3445 quaſi
1651 3396 1821 3435 faciendo
1839 3395 2084 3442 discooperire
2100 3404 2214 3430 unam
2229 3390 2367 3434 altare,

1337 3460 1380 3486 ut
1391 3448 1548 3487 alterum
1559 3444 1826 3493 cooperiamus.
1847 3445 1945 3482 Bald.
1964 3448 2004 3479 in
2017 3445 2039 3479 l.
2049 3441 2115 3491 fin.
2127 3440 2273 3492 §.ſed
2243 3436 2273 3496 ſi
2281 3443 2372 3492 quis.

1340 3502 1377 3533 C.
1386 3498 1594 3534 Communia
1602 3493 1648 3530 de
1660 3494 1766 3543 legat.
1769 3496 1942 3535 Cravett.
1942 3499 2074 3534 conſ.95
2081 3502 2185 3528 1.n.1.
2193 3488 2371 3536 Zaſ.conſ.

1338 3550 1556 3586 12.num.96.
1570 3540 1684 3577 vol.
1662 3550 1687 3589 1.
1694 3540 1817 3578 Coler.
1831 3538 1867 3574 de
1869 3536 2020 3588 proceſſ.
2023 3547 2101 3574 exc.
2104 3544 2177 3588 p.2.
2190 3546 2255 3578 c.3,
2265 3547 2365 3573 num.

1341 3609 1422 3633 120.

1388 3641 1541 3689 Nebenſt
1550 3644 1642 3681 deme
1655 3640 1690 3685 iſt
1701 3640 1782 3679 oben
1791 3637 1974 3683 angezeigt/
1984 3637 2048 3676 wie
2057 3641 2154 3679 durch
2163 3637 2216 3678 die
2233 3631 2369 3684 Pfaͤltzi⸗

1339 3690 1426 3738 ſchen
1444 3690 1590 3733 Verbot
1604 3684 1841 3734 monopolica
1859 3687 2022 3733 pravitas
2036 3685 2170 3728 fovirt/
2181 3687 2250 3724 und
2270 3687 2372 3730 darzu

1339 3741 1453 3783 Anlaß
1470 3739 1605 3787 gegeben
1625 3731 1751 3781 werde.
1759 3736 1845 3785 Quâ
1862 3735 2006 3773 ratione
2028 3738 2145 3773 rurſus
2155 3731 2373 3781 hujusmodi

1338 3788 1549 3825 Statutum,
1558 3785 1614 3822 uti
1622 3795 1668 3821 ex
1674 3783 1797 3821 radice
1806 3780 2059 3829 cupiditatis&
2067 3780 2224 3827 avaritię
2235 3789 2369 3816 contra

2366 953 2433 989 991

2367 1273 2444 1316 992

2370 2222 2439 2259 993

2388 3206 2456 3243 994

2377 3348 2453 3385 995

2393 3729 2457 3784 996

447 3843 599 3878 Conſil.
599 3843 761 3878 KlockI
761 3843 887 3878 Tom.
887 3843 919 3878 I.

1859 3837 1953 3873 Bbb

2236 3837 2372 3879 prohi-
