2862 3078
1009 509 1131 547 mitur.
1180 509 1299 560 Ipſum
1320 524 1405 551 vero
1422 514 1609 556 decretum
1624 518 1733 557 totius
1749 521 1922 562 Eccleſiae
1946 522 2288 579 Hieroſolymitanae
2305 531 2567 582 approbatione

1011 559 1195 599 conditum
1213 561 1398 613 literisque
1414 566 1725 620 comprehenſum,
1752 572 1885 623 placuit
1898 574 2088 628 Apoſtolis,
2120 579 2325 622 Senioribus
2351 585 2386 623 &
2399 585 2563 626 univerſo

1009 613 1173 652 Fratrum
1192 612 1355 665 collegio,
1375 616 1481 655 Paulo
1500 620 1533 656 &
1552 618 1716 668 Barnaba,
1738 623 1897 672 virisque
1915 626 1989 665 aliis
2011 626 2280 682 probatiſſimis,
2299 634 2382 672 dare
2400 634 2564 676 eccleſiae

1009 658 1262 705 Antiochenae,
1273 673 1313 700 ut
1323 665 1516 705 redderent
1526 668 1561 705 &
1571 669 1902 722 interpretarentur.
1931 676 2106 726 Legimus
2118 676 2215 716 enim
2223 690 2255 716 v.
2271 691 2329 721 22.
2363 683 2448 723 Tum
2457 683 2563 732 viſum

1005 707 1047 756 eſt
1070 709 1224 759 Apoſtolis
1258 713 1274 753 &
1299 714 1506 765 Presbyteris,
1527 728 1596 752 cum
1615 729 1684 754 tota
1705 720 1849 768 eccleſia,
1867 723 2002 761 delectos
2026 732 2115 764 viros
2130 727 2302 767 mittendos
2317 731 2390 781 eſſe,
2408 746 2474 768 una
2492 746 2563 772 cum

1007 761 1107 798 Paulo
1132 762 1171 800 &
1198 762 1347 801 Barnaba
1373 766 1587 805 Antiochium.
1630 771 1683 807 De
1705 770 1888 811 literarum
1904 784 1992 814 vero
2022 777 2067 814 ad
2086 773 2335 821 Antiochenos
2363 783 2563 824 emiſſarum

1000 810 1168 848 autoribus
1190 810 1345 862 legimus
1366 826 1400 851 v.
1429 825 1488 864 23.
1521 817 1661 867 Apoſtoli
1682 820 1720 861 &
1738 823 1913 873 presbyteri
1934 826 1971 866 &
1985 827 2126 875 fratres.
2141 841 2177 866 v.
2196 839 2256 875 25.
2288 833 2398 881 Viſum
2413 833 2454 884 eſt
2472 829 2563 874 nobis

999 863 1199 898 unanimiter
1214 867 1407 909 congregatis
1427 879 1463 903 v.
1474 874 1533 912 28.
1563 870 1673 915 Viſum
1690 871 1733 921 eſt
1739 872 1876 922 ſpiritui
1884 876 1999 922 ſancto
2017 881 2054 919 &
2069 881 2167 918 nobis.
2221 884 2279 921 En
2299 884 2451 926 Concilii
2473 887 2561 927 Hie-

1000 909 1248 958 roſolymitani
1280 912 1518 962 ejusdemque
1546 919 1745 967 Apoſtolici
1774 924 1950 962 rationem
1983 927 2018 964 &
2054 927 2210 967 formam
2245 928 2351 981 plane
2390 934 2436 971 ad
2465 933 2558 983 juris

998 951 1134 990 ſocialis
1166 954 1265 1001 leges
1294 954 1447 996 effictam
1464 963 1513 1005 a).
1563 960 1666 1007 Quod
1697 976 1804 1000 omnes
1835 973 2012 1010 concernit,
2048 974 2087 1005 ab
2118 978 2263 1009 omnibus
2294 981 2471 1013 curandum
2495 981 2556 1029 eſt:

999 1004 1038 1044 &
1058 1005 1105 1039 ad
1131 1017 1210 1053 quos
1221 1005 1348 1053 ſpectat
1365 1008 1449 1056 finis
1472 1024 1493 1046 a
1506 1011 1660 1059 ſocietate
1685 1016 1827 1062 legitima
1850 1022 2042 1068 propoſitus,
2065 1021 2110 1056 ad
2132 1036 2184 1057 eos
2200 1035 2322 1073 quoque
2337 1029 2463 1077 ſpectat
2481 1033 2550 1081 jus,

989 1048 1201 1100 proſpiciendi
1222 1054 1262 1091 de
1277 1054 1408 1102 mediis,
1432 1060 1647 1107 quoquomodo
1682 1062 1730 1099 ad
1751 1066 1941 1114 propoſitum
1963 1068 2067 1118 finem
2099 1071 2274 1119 legitimum
2306 1080 2463 1125 requiſitis
2494 1089 2554 1117 aut

995 1099 1248 1150 conducentibus,
1271 1106 1409 1155 legitime
1427 1107 1650 1157 obtinendum,
1694 1116 1757 1151 rite
1780 1117 1906 1157 utendi.
1970 1119 2073 1168 Quae
2095 1124 2185 1159 ratio
2213 1125 2249 1160 &
2273 1126 2390 1165 forma
2414 1130 2452 1164 in
2468 1140 2555 1168 con-

994 1156 1084 1196 ciliis
1108 1159 1346 1201 eccleſiaſticis
1367 1162 1568 1205 adhibenda
1589 1180 1610 1204 e
1625 1167 1779 1209 concilio
1793 1169 1920 1214 noſtro
1940 1171 2130 1229 Apoſtolico,
2155 1177 2313 1218 cordatis
2334 1195 2379 1219 eo
2414 1183 2551 1222 facilius

992 1208 1131 1255 patebit
1156 1210 1375 1257 lectoribus,
1413 1224 1488 1261 quo
1516 1215 1679 1256 ſolertius
1714 1218 1876 1259 animum
1903 1224 2121 1265 attenderint
2141 1230 2263 1277 partim
2298 1229 2344 1268 ad
2366 1240 2425 1274 ea,
2459 1242 2551 1281 quae

992 1258 1149 1298 abſolute
1174 1263 1191 1298 &
1215 1261 1439 1317 ſimpliciter,
1459 1269 1579 1313 partim
1596 1281 1673 1305 non
1694 1269 1761 1308 niſi
1783 1284 1869 1311 cum
1883 1270 2106 1325 indulgentia
2124 1277 2299 1329 quadam,
2326 1282 2550 1332 prudentum

991 1305 1221 1346 medicorum
1249 1308 1381 1358 inſtar,
1418 1312 1462 1348 ad
1496 1309 1718 1355 infirmitates
1747 1318 1982 1371 perſonarum
2017 1323 2051 1361 &
2085 1325 2364 1368 circumſtantias
2408 1337 2552 1381 tempo-

989 1370 1073 1398 rum
1093 1358 1259 1407 ſuorum,
1289 1363 1431 1403 decreta
1452 1375 1540 1405 tunc
1563 1366 1697 1409 fuerint
1718 1370 1990 1423 Hieroſolymis.
2048 1376 2176 1426 Qualia
2201 1378 2368 1422 fuerunt:
2398 1384 2546 1427 abſtine-

991 1412 1073 1443 rent
1092 1396 1222 1445 fideles
1247 1418 1292 1447 ex
1310 1413 1501 1461 praeputio
1525 1410 1595 1452 ſeſe
1614 1424 1762 1465 quoque
1787 1428 1805 1454 a
1820 1420 1985 1462 carnibus
2004 1421 2263 1466 ſuffocatorum
2288 1429 2494 1472 animalium
2510 1429 2547 1474 &

989 1459 1031 1499 ab
1051 1458 1109 1498 eſu
1124 1460 1312 1513 ſanguinis,
1330 1464 1441 1513 idque
1459 1465 1504 1504 ad
1517 1476 1665 1524 tempus
1681 1483 1727 1508 ne
1741 1471 1804 1511 uſu
1825 1473 1967 1516 illarum
1982 1488 2107 1516 rerum
2122 1478 2393 1525 offenderentur
2417 1484 2453 1530 ii,
2481 1482 2546 1533 qui

990 1516 1034 1544 ex
1050 1506 1192 1556 Judaeis
1220 1520 1319 1549 erant
1345 1514 1504 1553 converſi
1529 1516 1563 1554 &
1588 1518 1791 1559 fraternitas
1816 1521 2003 1567 chriſtiana
2028 1527 2124 1566 inter
2149 1529 2289 1567 Gentes
2314 1531 2350 1568 &
2363 1532 2545 1574 Judaeos,

2403 1588 2546 1622 Chriſto

1024 1653 1059 1694 a)
1072 1652 1217 1698 Inclytus
1241 1657 1344 1693 Iuſtus
1365 1660 1571 1704 Henningius
1585 1664 1783 1700 Boehmerus
1800 1673 1995 1703 conventum
2009 1672 2092 1706 hunc
2107 1672 2346 1721 Apoſtolorum,
2367 1685 2442 1711 cum
2456 1688 2546 1721 pres-

1066 1700 1189 1742 byteris
1213 1701 1232 1734 &
1257 1704 1389 1746 reliquis
1406 1706 1554 1742 eccleſiae
1569 1708 1877 1757 Hieroſolymitanae
1892 1715 2050 1756 membris,
2063 1718 2235 1760 concilium
2253 1720 2346 1757 fuiſſe
2369 1728 2483 1768 negat,
2502 1723 2542 1758 ſi-

1067 1745 1198 1778 quidem
1215 1746 1281 1782 illi,
1305 1751 1391 1781 inter
1405 1758 1488 1791 quos
1505 1751 1696 1787 Antiochiae
1719 1757 1932 1791 controverſia
1952 1760 2005 1793 illa
2036 1766 2146 1795 exorta
2177 1768 2265 1803 erat,
2294 1767 2328 1800 in
2355 1767 2541 1803 ſententiam

1064 1776 1225 1819 Eccleſiae
1239 1785 1545 1832 Hieroſolymitanae
1560 1795 1856 1839 compromiſiſſent;
1879 1807 1918 1829 ex
1937 1802 2161 1845 compromiſſo
2183 1803 2285 1848 igitur
2307 1805 2340 1839 in
2363 1807 2415 1840 illa
2441 1809 2542 1842 eccle-

1066 1823 1128 1864 ſia,
1150 1825 1190 1857 de
1207 1826 1265 1859 hac
1286 1827 1467 1872 quaeſtione
1493 1831 1616 1871 actum,
1645 1837 1875 1880 decretumque
1903 1850 1976 1871 cum
2003 1843 2090 1880 aliis,
2112 1853 2177 1876 non
2195 1854 2251 1887 per
2266 1849 2397 1881 modum
2421 1850 2542 1893 imperii

1062 1871 1116 1904 ſed
1130 1870 1286 1908 doctrinae
1308 1875 1576 1912 communicatum
1594 1881 1664 1917 eſſe.
1709 1885 1751 1918 V.
1771 1885 1930 1920 Diſſertat.
1950 1888 2035 1928 juris
2053 1888 2249 1926 eccleſiaſtici
2265 1894 2388 1937 antiqui
2404 1896 2538 1931 Diſſert:

1060 1910 1111 1945 III
1125 1912 1203 1945 item
1225 1912 1446 1949 emendationes
1472 1916 1510 1951 &
1537 1919 1750 1956 additamenta
1777 1923 1819 1955 ad
1848 1925 1896 1958 Io.
1927 1925 2071 1960 Schilteri
2099 1930 2235 1977 Inſtitut.
2259 1933 2349 1974 juris
2387 1934 2542 1968 cannonici

1064 1954 1136 1988 Lib.
1148 1957 1175 1989 I.
1205 1959 1266 1992 Tit.
1292 1958 1342 1995 IV
1360 1966 1396 1993 ut
1424 1959 1442 1993 &
1480 1962 1615 2004 origines
1633 1967 1873 2009 praecipuarum
1895 1969 2097 2004 materiarum
2117 1976 2209 2014 juris
2228 1975 2377 2022 eccleſiaſt.
2406 1977 2473 2021 Cap.
2487 1973 2538 2015 IV.

1059 1994 1183 2031 Verum
1196 1994 1221 2028 ſi
1236 1999 1471 2037 concedamus;
1493 2005 1638 2043 quamvis
1654 2006 1717 2036 hoc
1734 2016 1799 2039 non
1819 2009 1967 2052 expreſſis
1980 2012 2085 2045 verbis
2104 2015 2177 2049 Act.
2201 2015 2275 2055 XV,
2297 2029 2326 2053 2.
2350 2017 2538 2054 adſtruatur,

1059 2044 1167 2080 partes
1175 2042 1369 2080 Antiochiae
1382 2046 1593 2091 diſceptantes
1617 2052 1650 2085 in
1678 2052 1988 2100 Hieroſolymitanae
2007 2057 2157 2096 eccleſiae
2182 2063 2370 2099 ſententiam
2392 2074 2540 2107 compro-

1057 2082 1187 2124 miſiffe,
1215 2085 1330 2120 exinde
1351 2092 1458 2120 tamen
1480 2100 1556 2123 vero
1582 2092 1790 2129 fundamento
1814 2096 1965 2131 concludi
1990 2100 2109 2145 poteſt,
2139 2101 2232 2140 illos,
2262 2110 2429 2148 optumam
2453 2109 2537 2141 hanc

1059 2123 1121 2156 eſſe
1138 2125 1219 2157 viam
1232 2126 1322 2160 litem
1338 2127 1420 2160 hanc
1438 2135 1669 2176 componendi,
1694 2136 1906 2176 intellexiſſe,
1926 2140 1952 2171 ſi
1972 2144 2218 2184 congregationi
2242 2147 2368 2180 cuidam
2391 2147 2538 2183 eccleſiae

1056 2162 1376 2209 Hieroſolymitanae,
1397 2171 1479 2201 hanc
1495 2177 1740 2208 controverſiam
1753 2178 1861 2218 paullo
1875 2184 2055 2213 accuratius
2074 2185 2320 2226 perſequendam
2346 2184 2381 2217 &
2405 2195 2539 2228 compo-

1055 2201 1194 2236 nendam
1208 2210 1479 2243 commendarent,
1494 2221 1568 2242 cum
1583 2223 1622 2242 eo
1637 2221 1744 2247 modo.
1784 2219 1881 2251 Quod
1897 2222 2004 2251 actum
2024 2226 2074 2256 ſit,
2083 2232 2148 2265 quo
2163 2229 2198 2253 in
2213 2223 2358 2257 conciliis
2377 2229 2427 2268 agi
2443 2220 2532 2259 ſolet,

1051 2255 1122 2279 non
1136 2244 1240 2283 video,
1254 2259 1312 2282 cur
1325 2256 1500 2285 conventui
1516 2264 1634 2289 nomen
1643 2261 1780 2293 Concilii
1789 2263 1848 2291 aut
1855 2262 1980 2302 Synodi
1994 2270 2227 2301 eccleſiaſticae,
2244 2264 2395 2311 denegari
2411 2272 2532 2306 debeat,

1052 2287 1235 2328 praeſertim
1253 2297 1327 2322 cum
1342 2294 1377 2324 &
1392 2296 1513 2326 ſolenni
1529 2303 1658 2328 decreto
1674 2303 1887 2332 controverſia
1906 2306 1963 2334 iſta
1987 2310 2088 2337 fuerit
2111 2311 2213 2339 finita.
2263 2305 2399 2351 Ipſemet
2426 2309 2533 2344 Boeh-

1053 2337 1164 2364 merus
1183 2331 1217 2365 in
1241 2329 1315 2365 Iure
1338 2336 1393 2367 ſuo
1415 2342 1587 2381 parochiali
1602 2347 1745 2376 admittit
1768 2347 1961 2386 concilium,
1989 2354 2185 2383 conventum
2204 2349 2534 2396 Hieroſolymitanum

1051 2373 1144 2408 fuiſſe
1158 2374 1242 2411 Sect.
1259 2377 1285 2413 I.
1302 2376 1338 2410 C.
1355 2379 1397 2414 II.
1412 2382 1441 2423 §.
1457 2380 1605 2418 LXVIII.
1619 2386 1716 2423 Quod
1730 2386 1754 2416 fi
1775 2393 1854 2430 ergo
1875 2392 2059 2425 Concilium
2079 2392 2147 2423 fuit
2165 2391 2221 2425 hic
2229 2398 2431 2435 conventus;
2441 2396 2532 2435 recte

1052 2415 1151 2449 etiam
1165 2419 1377 2454 conciliorum
1394 2426 1486 2465 origo
1503 2425 1540 2456 ab
1557 2425 1614 2457 illo
1631 2429 1801 2465 derivatur.
1815 2440 1845 2464 v.
1858 2433 1984 2466 Buddei
1999 2431 2140 2468 Eccleſia
2156 2436 2339 2477 Apoſtolica
2351 2447 2383 2479 p.
2394 2447 2438 2472 m.
2454 2444 2534 2482 187.
