1629 2514
342 378 405 405 IO.
434 373 694 404 CHRISTIANI
724 366 955 398 CLAPROTH.

1056 361 1124 400 135

201 472 361 505 SCHIIS,
394 467 647 503 WERNHERO,
688 461 959 491 CHRISTIANO
997 459 1128 487 GODE-

202 524 331 551 FRIDO
345 524 380 551 et
399 522 463 547 IO.
478 516 701 546 WILHELMO
721 512 982 549 HOFMANNIS,
1000 508 1128 537 BRVN-

201 572 365 607 QVELLO
381 569 488 607 nuper
505 557 635 605 noſtro,
667 568 710 593 ne
732 556 776 592 de
793 553 880 595 aliis,
908 553 961 589 vel
978 552 1060 587 viuis
1074 550 1129 585 vel

200 620 267 654 vita
281 610 413 664 functis,
443 611 737 661 commemoremus.
777 607 818 643 Et
832 607 969 654 profuit,
987 607 1020 639 in
1038 605 1131 639 ſcho-

200 674 230 709 la
248 680 358 707 natum
379 668 452 708 eſſe.
501 667 629 705 Habuit
647 664 736 700 enim
754 662 857 711 prima
873 660 975 696 ſtatim
992 660 1131 705 pueritia

200 719 372 761 cuſtodem
395 715 726 769 incorruptiſſimum,
754 725 1025 759 praeceptorem,
1058 725 1131 753 quo

203 790 275 816 non
292 789 422 829 poterat
439 775 572 816 fidelior
588 773 775 822 meliorque
784 771 989 818 contingere,
1003 776 1132 814 patrem

203 830 314 870 ſuum:
342 829 457 868 habuit
471 826 614 874 collegas
630 824 746 872 patris,
809 831 1026 859 HVBELERVM
1049 822 1133 854 Sub-

193 881 453 927 conrectorem,
479 890 514 915 et
531 881 704 915 Rectorem
728 883 977 912 WERNERVM.
1029 875 1134 906 Dein-

205 928 251 974 de
265 938 299 972 in
316 932 599 973 Clausthalienſem
615 930 759 967 ſcholam
776 930 962 967 translatus,
993 931 1045 957 cui
1062 938 1134 956 tum

197 984 355 1047 praeerat
378 989 428 1027 vir
453 986 512 1026 ſuo
534 981 656 1024 merito
678 984 788 1023 multis
810 982 917 1020 adhuc
938 982 1136 1018 deſiderabi-

197 1040 265 1084 lis,
300 1049 436 1078 FRID.
465 1049 740 1075 PHILIPPVS
777 1044 1135 1076 SCHLOSSERVS,

205 1096 297 1134 hunc
313 1107 347 1133 et
360 1095 507 1145 reliquae
523 1094 729 1130 humanitatis
745 1093 997 1136 praeceptorem
1013 1089 1137 1127 habuit,

196 1161 244 1194 et
256 1147 485 1199 philoſophiae
509 1147 543 1196 ab
561 1147 621 1182 illo
634 1147 805 1183 elementis
816 1147 961 1177 imbutus
973 1144 1035 1179 eſt,
1052 1153 1139 1184 quae

196 1214 284 1243 cum
297 1200 406 1239 ſecum
421 1198 575 1237 attuliſſet
594 1200 628 1234 in
644 1197 810 1237 Ienenſem
827 1197 1059 1235 Academiam,
1085 1196 1140 1223 cui

210 1269 440 1296 STRVVIO
460 1255 653 1295 Prorectore
675 1261 800 1290 nomen
817 1249 927 1294 dedit,
954 1258 1060 1285 verno
1072 1249 1140 1281 An-

177 1299 245 1343 ni
260 1305 325 1343 clↄ
341 1305 434 1342 Iↄcc
447 1312 606 1345 xxxII,
638 1303 810 1336 videbatur
830 1314 938 1333 totum
962 1301 993 1329 ſe
1015 1301 1067 1328 his
1084 1313 1143 1338 pa-

201 1365 290 1403 riter
311 1373 347 1401 et
368 1360 604 1403 mathematicis
625 1359 726 1396 literis
749 1358 1016 1398 conſecraturus,
1048 1366 1144 1398 egre-

199 1414 287 1463 gios
307 1413 460 1466 doctores
483 1415 601 1462 nactus
601 1423 939 1453 HAMBERGERVM,
965 1424 1000 1439 et
1019 1421 1143 1438 HENR.

201 1483 534 1518 KOEHELERVM.
591 1472 658 1508 Sed
686 1477 826 1512 mutata,
860 1468 956 1502 bono
977 1467 1144 1501 literarum

200 1523 304 1567 fato,
326 1520 491 1563 ſententia
500 1519 555 1571 ad
579 1518 867 1565 iurisprudentiam
895 1527 1053 1558 quoque,
1086 1527 1147 1543 ve-

207 1590 283 1621 ram
297 1578 411 1620 illam,
424 1585 502 1611 non
508 1572 694 1611 ſimulatam
709 1569 971 1619 philoſophiam,
999 1570 1148 1603 animum

202 1625 358 1676 appulit,
392 1630 771 1670 BRVNQVELLIQVE,
811 1632 990 1660 BVDERI,
1019 1634 1151 1651 HEIM-

217 1698 391 1732 BVRGII,
417 1695 608 1732 MOTERI,
648 1690 872 1721 ENGAVII
905 1678 1093 1730 diſciplinae
1117 1677 1150 1713 ſe

216 1734 431 1775 formandum
446 1732 598 1777 tradidit,
623 1743 687 1768 nec
702 1734 781 1766 ideo
807 1744 1058 1775 FABRICIO
1075 1733 1151 1769 phi-

217 1790 391 1842 loſophiae
427 1789 566 1829 doctore
594 1789 644 1825 vti
675 1788 835 1835 neglexit.
901 1790 1004 1820 Anno
1039 1786 1155 1819 ſaeculi

221 1856 368 1886 xxxIv.
389 1855 537 1882 exeunte
560 1843 716 1884 naſcentis
738 1844 935 1878 Academiae
959 1843 1086 1874 noſtrae
1108 1839 1156 1871 ci-

222 1894 272 1930 uis
287 1897 349 1935 eſſe
360 1908 398 1934 vt
411 1899 533 1934 vellet,
560 1908 629 1925 non
649 1900 771 1936 patriae
787 1899 891 1923 ſolum
909 1898 1013 1920 amori
1030 1904 1067 1916 ac
1081 1892 1156 1927 pie-

223 1951 281 1988 tati
297 1950 409 1996 dedit,
440 1951 495 1990 ſed
510 1951 706 1984 florentibus
722 1962 759 1983 et
771 1952 944 1982 illuſtribus
961 1949 1081 1976 merito
1097 1945 1157 1972 ſuo

224 2001 415 2041 nominibus
445 2023 675 2051 GEBAVERI,
722 2010 1018 2053 REINHARTHI,
1059 2011 1161 2049 MAS-

228 2063 379 2099 COVII,
408 2065 651 2097 TREVERI,
682 2062 929 2099 SCHMAVSII,
953 2065 1161 2099 SENCKEN-

226 2127 397 2162 BERGII,
433 2123 690 2161 HEVMANNI,
728 2116 1040 2157 KOEHLERI,
1073 2120 1165 2141 GES-

678 2176 744 2218 I4

1054 2188 1165 2218 NERI,
