2560 2842
278 525 342 579 ipſi
363 527 528 571 humido
552 532 628 571 aëri
655 529 857 573 efficaciter
875 528 1062 581 reſiſtunt,
1096 543 1168 571 nec
1191 532 1236 571 ab
1261 531 1404 572 eodem
1422 531 1620 586 liquantur.

278 579 426 626 Verum
453 585 558 625 enim
592 595 686 624 vero
711 586 893 638 quoniam
917 583 1061 628 Sodam
1082 587 1254 640 inprimis
1274 585 1543 644 Hiſpanicam,
1579 597 1618 628 et

278 637 469 694 ſpeciatim
491 644 747 688 Alicanticam
771 647 836 700 p),
868 643 1155 689 deſcribendam
1173 643 1414 701 ſuſcepimus,
1444 647 1489 687 ab
1507 660 1614 688 enar-

281 700 401 742 randis
423 700 651 757 reliquarum
671 699 862 744 Sodarum
886 702 1127 745 examinibus
1156 704 1335 746 chemicis
1361 705 1499 746 merito
1517 704 1613 746 cala-

279 765 346 797 mo
364 759 661 814 temperabimus
691 758 840 818 noſtro,
873 774 934 802 eas
960 761 1081 802 ſolum
1108 772 1231 817 partes
1257 765 1537 814 conſtitutiuas,
1573 774 1614 804 vt

276 826 433 869 τεχνιϰῶς
458 823 635 877 appellari
655 823 794 875 ſolent,
825 823 964 880 quibus
984 830 1084 879 prius
1105 827 1196 869 illud
1214 827 1343 870 Sodae
1366 839 1486 880 genus
1504 839 1612 867 com-

277 878 437 929 poſitum
457 883 742 937 conflatumque
765 882 1111 938 deprehendimus,
1147 884 1274 939 quoad
1300 887 1380 925 eius
1406 899 1472 940 per
1493 886 1611 927 ſcien-

277 935 348 976 tiae
377 940 523 981 noſtrae
548 938 743 980 chemicae
770 942 935 980 rationes
958 939 1037 979 fieri
1059 941 1223 994 poterit,
1256 939 1421 981 breuiter
1438 940 1610 997 quidem,

275 993 342 1038 ſed
360 995 533 1041 diſtincte
550 996 779 1053 expedituri.

871 1109 899 1147 §.
967 1108 1019 1147 X.

394 1166 490 1229 Quo
509 1172 547 1211 in
568 1171 762 1227 propoſito
781 1185 821 1216 vt
840 1173 940 1218 recte
967 1175 1178 1227 verſemur,
1209 1183 1428 1230 anteaquam
1447 1189 1532 1217 vera
1558 1188 1610 1218 at-

277 1229 352 1274 que
368 1227 532 1275 genuina
551 1226 677 1266 Sodae
697 1228 842 1267 noſtrae
860 1226 1047 1266 elementa
1067 1239 1326 1279 proponamus
1345 1230 1610 1279 demonſtrata,

276 1283 498 1335 accipitote,
536 1282 741 1332 Lectores,
779 1287 911 1322 ſeriem
936 1285 1102 1335 plurium
1127 1284 1440 1337 diuerſorumque
1458 1288 1607 1337 experi-

277 1342 498 1372 mentorum
522 1334 806 1382 chemicorum,
832 1338 969 1386 partim
987 1349 1006 1374 a
1025 1336 1215 1376 nobismet
1233 1337 1315 1388 ipſis
1333 1340 1606 1388 inſtitutorum,

274 1390 412 1441 partim
430 1398 513 1428 ante
532 1402 602 1429 nos
618 1388 663 1430 ab
681 1388 759 1431 aliis
779 1393 852 1431 iam
872 1386 954 1431 ſatis
971 1400 1190 1446 captorum:
1231 1403 1253 1430 e
1271 1391 1404 1447 quibus
1423 1393 1606 1437 nonnulla

275 1451 350 1492 iam
369 1448 474 1507 ſupra
494 1449 646 1494 laudato
676 1465 924 1496 VOCKELIO
949 1454 1135 1497 debemus
1164 1464 1337 1509 accepta,
1376 1455 1516 1512 quippe
1541 1456 1608 1511 qui

277 1511 372 1553 olim
398 1527 436 1554 in
462 1509 718 1557 Laboratorio
739 1512 1017 1559 Godofredino
1041 1514 1228 1559 Pariſienſi
1253 1515 1299 1556 ad
1317 1515 1609 1559 examinandam

278 1560 405 1606 Sodae
431 1578 601 1606 naturam
625 1579 736 1621 atque
760 1568 988 1607 mixtionem
1012 1568 1116 1608 haud
1143 1570 1356 1609 mediocres
1373 1571 1536 1611 contulit
1561 1573 1612 1611 la-

278 1622 400 1672 bores.
458 1627 594 1684 Primo
611 1631 735 1684 itaque
752 1628 880 1672 Sodae
899 1630 1149 1684 Alicanticae,
1175 1634 1214 1673 in
1230 1632 1507 1675 ſubtiliſimum
1525 1633 1609 1688 pul-

280 1694 410 1728 uerem
427 1686 611 1740 redactae,
642 1698 682 1728 et
698 1681 765 1743 per
783 1689 969 1731 ſetaceum
987 1688 1156 1732 cribrum
1175 1689 1359 1747 traiectae,
1379 1691 1549 1735 ſelibram
1568 1695 1608 1735 in

278 1746 358 1787 vaſe
372 1759 501 1788 terreo
518 1747 640 1802 probe
658 1750 819 1788 vitreato
835 1748 881 1806 q)
902 1761 992 1789 cum
1011 1761 1126 1804 aquae
1137 1748 1314 1792 fontanae
1326 1752 1490 1805 purioris
1502 1765 1610 1792 men-

278 1795 367 1841 ſuris
383 1803 517 1855 tribus,
536 1804 610 1844 ſiue
621 1804 723 1844 libris
732 1803 811 1852 ſex,
828 1815 905 1842 tam
918 1804 983 1842 diu
1000 1805 1192 1854 coximus,
1221 1805 1346 1846 donec
1364 1805 1528 1860 perfecta
1539 1807 1611 1848 fuit

276 1854 436 1907 ſolutio;
472 1865 716 1914 impetratum
738 1863 826 1901 inde
851 1860 1029 1901 lixiuium
1056 1862 1144 1901 dein
1172 1867 1210 1902 in
1233 1862 1344 1904 ſimili
1370 1864 1452 1904 vaſe
1477 1876 1605 1905 terreo

280 1916 451 1974 vitreato,
468 1934 537 1974 per
553 1920 808 1967 denſiſſimum
825 1933 993 1974 pannum
1012 1924 1169 1966 linteum
1189 1926 1409 1968 calidiſſime
1418 1928 1606 1968 transmiſ-

987 1990 1023 2034 C
1053 2002 1075 2032 2

1508 1986 1605 2042 ſum,

322 2095 364 2141 p)
392 2097 539 2135 Alterum
559 2102 650 2133 enim
668 2098 877 2148 praecipuum
895 2097 1087 2148 Hiſpanicae
1105 2097 1209 2136 Sodae
1228 2111 1339 2150 genus,
1362 2099 1450 2151 quod
1464 2103 1605 2141 Cartha-

369 2151 498 2190 ginenſe
515 2160 650 2187 vocant,
681 2151 754 2181 licet
769 2151 904 2195 puritate
924 2146 1121 2183 Alicanticae
1142 2141 1247 2184 Sodae
1272 2148 1382 2194 cedat,
1418 2151 1533 2186 duritie
1559 2162 1605 2185 ta-

378 2210 457 2233 men
491 2211 522 2235 et
550 2206 661 2236 ceteris
693 2202 858 2238 virtutibus
885 2200 969 2238 haud
992 2199 1074 2237 adeo
1099 2200 1243 2238 multum
1272 2202 1310 2239 ab
1334 2204 1448 2241 eadem
1473 2204 1603 2243 abludit.

377 2252 474 2290 Vnde
499 2257 598 2290 etiam
623 2255 770 2304 potiora,
803 2266 884 2303 quae
908 2252 948 2291 de
971 2254 1148 2293 Alicantica
1175 2256 1263 2294 Soda
1289 2255 1536 2309 diſputabimus,
1563 2257 1603 2295 de

376 2307 622 2357 Carthaginenſi
642 2308 802 2346 valebunt.

326 2349 366 2399 q)
395 2354 459 2389 Alii
478 2367 608 2406 quoque
627 2356 728 2393 lebete
743 2367 890 2405 cupreo,
916 2359 1000 2392 intus
1017 2356 1131 2394 ſtanno
1147 2359 1300 2409 exquiſite
1322 2359 1483 2403 obducto,
1511 2369 1605 2396 vtun-

376 2412 444 2444 tur:
471 2408 561 2456 quod
576 2412 673 2445 etiam
693 2421 763 2447 non
780 2407 1022 2461 improbamus,
1053 2407 1077 2446 ſi
1099 2409 1204 2448 modo
1222 2411 1339 2451 nullibi
1363 2422 1500 2462 cuprum
1525 2413 1606 2450 ſtan-

374 2470 420 2494 no
451 2458 646 2499 deſtituatur.
