2134 2783
611 519 762 564 TRIUM
789 531 1132 578 PERSONARUM.

1484 543 1536 593 23

271 570 341 599 nec
356 563 539 607 ordinariæ
556 569 656 610 vices
673 581 736 609 eos
753 576 797 613 ad
815 579 969 616 tribunal
985 585 1173 625 reducant,
1191 588 1290 623 vnde
1308 588 1449 628 fuerant
1466 595 1528 627 an-

269 623 327 655 tea
346 621 488 673 depulſi.
542 626 668 678 Vsque
683 628 785 673 adeo,
795 639 839 668 vt
860 634 883 669 ſi
898 634 1010 684 fingas
1037 642 1169 683 animo,
1182 643 1448 684 ſatisfaƈtionem
1460 650 1524 689 ali-

275 680 383 719 quam
399 675 460 716 tali
469 675 635 730 ſupremæ
649 684 753 722 curiæ
770 685 995 739 præſtandam
1002 691 1091 746 eſſe,
1093 695 1232 749 dimidia
1245 697 1335 735 illius
1356 709 1439 754 pars,
1441 711 1526 756 quæ

257 721 403 765 abſtitit
412 733 477 778 per
492 727 591 769 iſtam
610 738 853 773 œconomiam
870 749 890 773 a
903 742 980 783 iure
1002 755 1154 788 dicendo
1170 758 1246 781 eam
1263 752 1363 796 alteri
1378 757 1514 799 præſta-

264 780 304 808 re
321 765 472 825 poterit,
490 779 574 819 cum
588 792 715 829 tamen
729 787 799 835 ipſa
826 792 884 825 ſibi
903 795 996 828 illam
1014 801 1200 844 præſtitiſſe
1215 806 1283 850 dici
1305 816 1378 848 non
1396 812 1518 850 posſit.

264 816 387 874 Atque
398 820 496 868 idem
511 838 795 881 animaduertere
807 852 855 880 eſt
881 848 917 886 in
939 854 1106 899 omnibus
1118 857 1195 896 aliis
1208 862 1324 906 rebus,
1334 864 1369 903 in
1385 863 1515 909 quibus

265 879 451 922 auƈtoritas
468 887 518 923 eſt
535 889 698 941 pluribus
721 890 765 946 ex
771 904 874 944 æquo
893 906 1096 945 commiſſa,
1108 909 1310 958 funƈtiones
1330 922 1419 967 vero
1437 915 1520 963 ſunt

264 925 485 985 ὀικονομικῶς
501 941 676 982 diſtinƈtæ.
704 948 761 1005 Vt
761 950 806 1006 in
824 960 895 985 vna
911 955 1086 1008 Eccleſia,
1088 968 1126 1010 in
1140 972 1209 1003 qua
1224 966 1341 1006 plures
1359 969 1516 1011 paſtores

262 993 432 1045 æqualem
443 994 464 1048 &
489 999 671 1044 indiuiſam
691 1005 941 1050 auƈtoritatem
958 1010 1068 1052 ſortiti
1087 1014 1189 1059 ſunt,
1204 1022 1408 1076 funƈtiones
1420 1035 1514 1080 vero

259 1052 322 1093 per
340 1052 440 1091 vices
456 1049 672 1102 diſtributas,
687 1059 760 1113 ſunt
781 1062 827 1100 illi
846 1063 905 1101 ſibi
923 1067 1078 1105 inuicem
1097 1072 1292 1121 ſuperiores
1316 1080 1350 1111 &
1369 1079 1516 1114 inferio-

256 1109 311 1137 res
326 1103 516 1149 vicisſim,
492 1107 534 1155 &
538 1109 623 1148 dum
647 1113 750 1152 alter
774 1118 1009 1166 concionatur,
1023 1123 1111 1158 alter
1124 1133 1215 1173 vero
1235 1136 1514 1181 concionantem

254 1147 421 1201 audit:
371 1154 428 1210 qui
443 1162 618 1209 prædicat,
633 1169 782 1209 habetur
800 1177 866 1215 pro
882 1176 955 1212 ſolo
975 1174 1116 1222 Paſtore
1133 1188 1224 1218 tum,
1234 1182 1324 1227 alter
1338 1194 1384 1227 eo
1398 1189 1513 1229 reſpe-

256 1194 326 1240 ƈtu,
345 1204 438 1257 quaſi
443 1221 533 1258 vnus
549 1224 571 1262 e
575 1220 730 1265 populo,
733 1231 860 1266 eorum
878 1225 1000 1272 locum
1018 1238 1192 1285 occupat,
1204 1241 1363 1285 quorum
1380 1237 1513 1266 docen-

255 1246 384 1292 dorum
416 1265 529 1306 gratia
547 1269 684 1318 ſacrum
708 1275 942 1323 miniſterium
969 1294 1020 1321 eſt
1050 1286 1266 1336 inſtitutum.
1323 1307 1435 1334 Cuius
1459 1298 1512 1343 rei

255 1309 345 1354 ratio
360 1307 459 1359 facile
476 1323 572 1355 reddi
591 1328 718 1372 poteſt.
745 1329 888 1363 Scilicet
904 1340 1206 1380 quemadmodum
1224 1343 1411 1374 facultates
1422 1350 1511 1374 datæ

245 1352 329 1388 non
344 1354 437 1410 ſunt,
445 1369 505 1410 niſi
522 1380 773 1433 operationum
792 1396 1071 1442 exercendarum
1085 1406 1200 1455 ergo;
1205 1386 1252 1440 ſic
1264 1410 1412 1449 munera
1427 1413 1511 1452 fun-

250 1400 407 1448 ƈtionum
422 1417 666 1487 obeundarum
681 1439 795 1488 modo
812 1442 914 1484 cauſa
935 1447 1208 1496 demandantur.
1233 1455 1287 1505 Vt
1305 1457 1416 1511 igitur
1414 1458 1447 1500 ſi
1459 1458 1507 1507 fa-

243 1447 359 1495 cultas
374 1466 486 1514 aliqua
497 1475 533 1516 ſe
540 1487 576 1524 ſe
589 1493 767 1542 nusquam
792 1506 954 1538 exereret
967 1501 1012 1559 in
1030 1507 1215 1564 operando,
1215 1507 1409 1558 haberetur
1417 1518 1507 1567 pro-

246 1523 443 1577 pemodum
454 1538 522 1584 pro
539 1540 655 1584 nulla;
669 1548 717 1589 ſic
740 1548 775 1593 ſi
764 1553 921 1597 muneris
933 1548 1072 1604 funƈtio
1087 1559 1243 1604 ceſſaret,
1249 1573 1375 1613 munus
1389 1565 1503 1605 ipſum

244 1574 345 1618 nullo
360 1575 444 1620 loco
458 1589 673 1647 cenſeretur.
699 1604 780 1650 Vbi
795 1606 905 1651 igitur
916 1606 1160 1669 funƈtiones,
1147 1616 1167 1652 &
1177 1619 1406 1659 operationes
1428 1628 1504 1668 cer-

242 1623 287 1661 tis
304 1630 514 1684 quibusdam
530 1657 721 1694 interuallis
747 1656 970 1718 ὀικονομικῶς
994 1666 1123 1712 ceſſant
1140 1670 1175 1711 &
1194 1687 1439 1715 exercentur,
1449 1681 1505 1712 par

240 1685 347 1732 eſt,
317 1690 350 1740 vt
364 1689 519 1735 inſtituta
534 1710 804 1756 comparatione
817 1723 914 1763 inter
931 1721 990 1769 illa
1003 1731 1169 1768 tempora
1187 1727 1384 1775 ceſſationis
1402 1732 1422 1783 &
1439 1741 1502 1781 ex-

240 1738 373 1801 ercitii,
389 1749 426 1790 in
426 1750 551 1794 altero
565 1755 714 1814 facultas
732 1770 792 1815 vel
805 1781 936 1824 munus
946 1779 1094 1830 vigere,
1111 1783 1150 1827 in
1165 1780 1278 1825 altero
1295 1798 1498 1833 vtrumque

239 1801 500 1855 propemodum
516 1813 713 1852 extinctum
728 1821 798 1874 eſſe
816 1839 991 1870 videatur.

352 1862 389 1908 §.
397 1864 544 1907 XXVII.
570 1868 730 1911 Secunda
745 1882 889 1924 quæſtio
906 1885 957 1923 eſt
975 1886 1019 1929 ab
1037 1890 1138 1932 omni
1156 1896 1357 1935 difficultate
1369 1895 1497 1935 ſoluta.

239 1881 396 1941 Quando
411 1910 507 1955 enim
523 1923 711 1970 peccatum
726 1932 758 1973 in
776 1935 925 1977 Patrem
935 1939 1021 1984 illud
1036 1943 1107 1990 eſt,
1127 1948 1226 1994 quod
1241 1950 1500 2005 committitur

237 1941 397 1991 aduerſus
414 1960 511 2007 leges
528 1979 662 2025 naturæ
678 1982 788 2037 (quæ
806 1990 906 2040 leges
922 2002 1062 2043 naturæ
1080 1997 1277 2044 perfectam
1306 2004 1495 2050 pietatem,

237 1997 499 2062 perfeƈtamque
512 2024 722 2080 charitatem
735 2056 758 2086 a
776 2039 940 2089 creatura
952 2048 1159 2101 poſtulant,)
1175 2059 1313 2105 tantum
1329 2056 1441 2110 abeſt,
1448 2061 1494 2107 vt

233 2062 366 2101 mirum
379 2065 488 2106 videri
502 2078 639 2135 debeat,
646 2089 684 2131 id
692 2092 825 2139 aboleri
842 2097 1087 2155 ſatisfaƈtione,
1090 2113 1122 2137 vt
1142 2104 1326 2153 ſatisfaƈtio
1343 2123 1489 2150 proprie

229 2101 278 2140 ad
294 2108 368 2145 eius
384 2116 611 2186 abolitionem
615 2141 798 2191 inſtituta
816 2150 871 2194 ſit.
901 2156 1022 2197 Atque
1036 2164 1090 2205 eo
1106 2159 1293 2207 reſpexiſſe
1308 2164 1495 2208 nonnullis

234 2163 379 2207 videtur
387 2170 594 2237 Apoſtolus,
594 2198 672 2233 cum
691 2197 729 2239 in
741 2210 891 2243 Epiſtola
907 2209 953 2253 ad
968 2207 1140 2257 Hebræos
1153 2213 1290 2269 docuit,
1300 2215 1427 2263 Chriſti
1442 2216 1490 2259 ſa-

238 2209 408 2256 crificium
426 2231 587 2290 oblatum
603 2248 686 2305 eſſe,
692 2264 737 2298 vt
748 2258 974 2309 expiarentur
993 2270 1141 2321 peccata
1156 2268 1218 2318 ſub
1235 2270 1360 2317 Veteri
1369 2272 1496 2319 Teſta-

233 2267 362 2306 mento
372 2277 563 2345 commiſſa.
594 2298 717 2350 Vetus
721 2316 821 2354 enim
844 2312 1113 2371 Teſtamentum,
1127 2323 1302 2371 quatenus
1311 2324 1419 2370 fedus
1420 2330 1490 2384 eſt,

235 2307 255 2348 &
281 2313 382 2354 fedus
402 2336 546 2397 naturæ,
550 2354 594 2401 vt
602 2356 657 2400 eſt
664 2368 690 2406 a
703 2360 809 2407 nobis
826 2364 1016 2410 aliquoties
1024 2381 1272 2430 obſeruatum,
1275 2380 1314 2440 in
1319 2387 1380 2436 eo,
1383 2382 1489 2425 quod

227 2380 372 2435 vtrique
390 2385 566 2450 præcipue
580 2408 760 2453 eſſentiale
770 2417 834 2456 eſt,
841 2429 943 2460 vnum
967 2420 1051 2463 ſunt
1066 2444 1174 2467 atque
1191 2431 1301 2476 idem.
1320 2432 1488 2474 Chriſtus

1356 2496 1489 2534 autem
