1850 2414
204 351 508 409 Philoſophorum
545 357 787 398 Orientalium
821 359 959 408 placitis
991 366 1187 413 convenire

204 422 301 463 patet
322 427 369 454 ex
387 419 419 463 §.
440 423 496 457 62.

610 481 644 519 §.
672 474 750 520 CV.

274 531 309 569 β.
334 530 493 569 Ulterius
510 540 597 566 vero
624 524 822 579 proceſſiſſe
850 531 991 570 videtur
1021 533 1187 576 SIMON

202 582 312 621 quam
334 576 463 626 reliqui
486 577 716 620 ſeductores,
744 577 832 616 dum
862 578 1078 627 perhibuit:
1115 584 1188 618 Aut

202 621 235 659 ſe
264 620 331 659 eſſe
364 632 472 659 unam
495 632 543 659 ex
569 622 703 659 naturis
735 622 804 659 illis
835 633 914 671 quæ
936 627 1140 662 immediate
1168 632 1188 661 à

199 667 367 716 ſupremo
389 669 553 708 Numine
578 676 825 717 progeneratæ
849 673 885 708 &
908 674 1034 709 divinæ
1052 684 1186 710 naturæ

200 721 392 767 propiores
414 721 547 763 fuere,
574 730 620 757 ex
643 722 773 769 quibus
797 723 871 762 aliæ
893 720 1060 771 deinceps
1085 729 1185 763 fuere

199 769 411 816 productæ,
438 779 518 819 quæ
536 769 642 817 hujus
668 772 805 811 Mundi
832 772 1071 812 Fabricatores
1094 779 1186 810 exti-

199 823 297 858 tere,
321 825 382 855 aut
399 817 433 855 ſe
454 819 621 856 omnium
640 828 759 858 rerum
788 820 1008 867 Principium
1032 823 1100 859 eſſe
1135 832 1186 858 at-

200 875 270 912 que
294 864 464 905 Patrem:
493 865 702 912 Conjugem
724 865 821 904 ſuam
843 869 994 904 Helenam
1014 879 1098 904 vero
1113 875 1186 916 pri-

199 923 296 949 mam
309 912 407 951 ſuam
421 914 686 952 emanationem
709 913 804 957 eſſe,
830 925 896 954 per
911 917 1011 959 cujus
1028 924 1185 962 agnitio-

199 974 285 1000 nem
307 963 380 1013 ipſe
395 965 606 1004 hominibus
629 965 789 1005 Salutem
815 961 884 1006 det.

606 1053 640 1084 §.
669 1037 802 1084 CVI

271 1084 425 1129 Videtur
439 1096 529 1137 ergo
542 1085 645 1125 illum
655 1088 689 1126 ſe
699 1086 844 1137 finxiſſe,
855 1089 883 1145 ſi
887 1101 963 1128 non
974 1096 1184 1140 ſupremum

201 1128 370 1174 Numen,
396 1137 519 1173 ſaltem
547 1145 658 1170 unam
680 1147 726 1171 ex
753 1147 928 1182 primariis
953 1148 1021 1172 illis
1050 1154 1185 1173 naturis

199 1201 277 1238 quæ
302 1199 459 1237 πληϱωμα
485 1190 673 1235 efficiunt,
702 1192 738 1233 &
760 1193 909 1231 aliarum
938 1199 1092 1232 Autores
1120 1201 1184 1232 ex-

200 1243 356 1280 titerunt.

607 1299 642 1342 §.
669 1294 780 1335 CVII.

274 1341 377 1380 Licet
411 1342 488 1381 hæc
512 1355 559 1381 ex
586 1342 825 1395 Philoſophiæ
858 1342 951 1383 illius
988 1342 1185 1386 Orientalis

198 1393 381 1443 principiis
404 1395 573 1443 explicari
597 1403 754 1445 queant,
783 1398 959 1443 ejusmodi
981 1405 1101 1435 tamen
1117 1405 1184 1435 eti-

198 1457 254 1482 am
273 1447 309 1482 in
329 1445 556 1495 Philoſophia
582 1444 1026 1497 Pythagoræo - Platonica
1051 1454 1186 1493 reperi-

199 1498 307 1526 mus;
348 1508 478 1535 notum
509 1502 605 1539 enim
635 1512 681 1540 ex
703 1504 933 1545 DIOGENE
965 1505 1183 1552 LAERTIO

202 1540 278 1581 Lib.
313 1543 409 1585 VIII.
446 1541 691 1592 Pythagoram
719 1543 867 1592 ejusque
897 1541 1089 1593 diſcipulos
1118 1550 1185 1583 ſta-

200 1582 328 1620 tuiſſe:
358 1583 466 1630 Άρχην
494 1593 548 1616 των
580 1588 744 1622 ἁπαντων,
771 1594 961 1630 Principium
980 1599 1118 1637 omnium
1133 1609 1185 1641 re-

200 1640 271 1669 rum
283 1633 335 1679 eſſe
350 1632 473 1678 μοναδα
491 1636 562 1674 ſive
587 1633 744 1674 Unitatem
762 1641 942 1681 maſculam;
966 1646 1084 1673 omnis
1103 1653 1183 1682 per-

198 1684 359 1727 fectionis
369 1688 585 1737 Originem,
606 1692 702 1728 unde
737 1685 1183 1743 PSEUDO-ORIGENES

202 1723 427 1783 Philoſophum.
464 1731 551 1782 Cap.
568 1732 612 1769 II.
634 1740 697 1766 Των
717 1738 862 1779 ἀϱιϑμων
878 1740 962 1776 ἀϱχη
984 1752 1090 1776 γεγονε
1106 1743 1182 1770 ϰαϑ΄

199 1777 347 1811 ὑποϑεσιν
373 1777 391 1814 ἡ
416 1782 521 1822 ϖϱωτη
544 1787 658 1815 μονας,
684 1783 748 1814 ἡτις
772 1797 837 1814 εϛιν
863 1790 958 1821 μονας
975 1797 1094 1828 ἀϱσην,
1118 1797 1182 1841 γεν-

203 1835 275 1858 νωσα
304 1825 449 1872 πατϱιϰως
473 1827 582 1862 παντας
615 1849 683 1869 τους
710 1839 822 1870 ἀλλουσ
850 1835 1013 1872 ἀριϑμους.
1058 1842 1180 1884 Nume-

199 1888 308 1917 rorum
332 1885 526 1929 Principium
546 1891 603 1928 per
622 1881 860 1929 ſuppoſitionem
873 1884 944 1930 fuit
964 1885 1073 1932 prima
1105 1888 1183 1924 Uni-

200 1925 271 1960 tas,
305 1932 370 1956 quæ
405 1926 516 1957 Unitas
539 1927 675 1965 maſcula
691 1935 799 1968 patrio
824 1936 909 1957 more
933 1939 1084 1969 procreat
1113 1942 1182 1959 om-

198 1977 249 2008 nes
272 1965 415 2021 reliquos.
