1569 2378
192 433 270 483 Qv.
281 437 315 471 6.
338 429 448 484 Quid
458 431 501 470 de
504 428 699 481 præſentiâ
706 428 865 477 corporis
891 429 914 462 &
930 431 1121 476 ſanguinis

463 478 592 523 Chriſti
621 492 858 522 credendum?

219 527 460 572 Præſentiam
477 531 682 577 utriusque
704 531 841 562 realem
856 530 893 560 &
898 529 1171 569 ſubſtantialem

142 572 235 621 eſſe,
244 585 288 616 ut
311 580 329 615 &
344 588 490 627 corpus
500 585 537 610 &
547 585 720 622 ſanguis,
738 586 812 633 unâ
817 596 909 637 cum
927 595 1014 644 pane
1037 592 1060 639 &
1083 597 1167 636 cali-

144 649 208 681 ce,
233 635 503 683 diſtribuatur,
529 638 725 673 locutiones
749 636 1013 669 Inſtitutionis
1036 645 1171 665 exhibi-

143 681 228 720 tivæ
250 684 415 726 docent.
493 689 938 727 Transſubſtantiationem
961 694 1054 744 verò
1085 709 1173 743 non

143 731 246 780 fieri,
265 739 415 775 evincit
430 745 688 772 communionis
707 744 871 788 mentio.
898 745 931 792 I.
944 744 1040 796 Cor.
1050 747 1102 797 X,
1114 753 1175 801 16.

143 793 206 839 Xl,
216 807 269 841 27.
280 806 338 840 29.

355 850 430 903 Qv.
445 862 480 895 7.
504 848 565 888 De
576 844 642 897 uſu
649 844 746 898 quid
747 844 970 888 notandum?

218 890 285 931 Ad
300 903 391 932 eum
410 895 480 929 niſi
496 895 585 940 quis
603 895 886 936 explorationem
897 896 1118 931 pœnitentiæ
1132 910 1176 919 ac

132 933 228 986 fidei
241 941 375 980 ſeriam
392 944 635 978 adhibuerit,
652 948 867 993 tremendo
880 951 1033 1001 judicio
1042 954 1178 1014 obno-

143 998 231 1040 xius
245 1000 312 1040 eſt.
373 996 478 1048 Quâ
500 1007 591 1033 cum
616 999 872 1032 ſolicitudine
889 1004 980 1030 uſus
997 1006 1178 1027 crebrior

143 1049 446 1094 commendatur
472 1061 505 1092 I.
525 1050 613 1104 Cor.
632 1049 693 1102 XI,
708 1054 762 1087 26,
784 1059 834 1093 27.
876 1054 967 1082 Nulli
987 1057 1174 1080 admittun-

142 1112 227 1145 tur,
240 1103 311 1153 niſi
312 1101 426 1145 anteà
434 1100 637 1152 explorati:
687 1102 793 1148 Aug.
802 1099 980 1139 Confeſſ.
989 1103 1039 1133 de
1049 1109 1175 1134 Abus.

141 1154 235 1196 Art.
256 1155 329 1200 Ill.

357 1242 589 1300 THESIS
639 1236 966 1300 MORALIS.

142 1331 258 1376 Verbi
280 1330 321 1371 &
343 1326 675 1371 Sacramentorum
702 1335 869 1377 efficacia
888 1328 1178 1381 fundamentum

252 1383 389 1441 præbet
405 1397 497 1428 vero
510 1385 584 1426 Dei
599 1384 751 1432 cultui,
779 1385 818 1419 &
834 1385 949 1419 bonis
969 1391 1176 1428 operibus;

253 1438 427 1499 ideóque
447 1439 542 1491 juſto
561 1436 725 1488 ordine,
753 1450 915 1477 externo
937 1445 979 1472 &
1001 1451 1177 1483 interno,

251 1500 463 1559 uſurpanda
486 1503 503 1544 &
532 1497 770 1556 diſpenſanda
786 1497 934 1550 ſemper
950 1502 1015 1543 eſt.

184 1555 268 1613 Qv.
280 1574 313 1599 1.
341 1545 443 1597 Unde
452 1556 536 1607 uſus
559 1558 578 1597 &
598 1559 806 1606 diſpenſatio
821 1562 928 1590 Verbi
956 1563 975 1591 &
996 1566 1126 1613 Sacra-

375 1627 580 1663 mentorum
585 1618 676 1669 jure
681 1617 742 1666 ſuo
750 1617 942 1664 gaudent?

214 1665 274 1707 Ex
281 1661 485 1718 ſacerdotii
484 1662 699 1713 ſpiritualis
710 1666 815 1709 jure:
840 1668 953 1707 quod
962 1668 1114 1717 habent
1128 1669 1177 1724 fi-

138 1708 263 1757 deles,
280 1725 463 1762 tanquam
482 1724 677 1760 membra,
699 1727 752 1764 ex
766 1719 902 1763 officio
920 1723 1176 1770 ſacerdotali,

135 1769 204 1811 ſeu
220 1769 477 1825 prophetico,
497 1769 638 1817 capitis
655 1770 712 1806 ſui
729 1770 818 1812 Jeſu
836 1772 997 1820 Chriſti.
1028 1779 1063 1826 1.
1072 1777 1178 1826 Petr.

125 1820 210 1873 Il,
200 1826 240 1876 9.
250 1824 357 1877 Eph.
366 1825 394 1870 I,
415 1838 468 1865 22.
489 1817 541 1875 IV,
563 1826 623 1862 16.
642 1821 678 1876 V,
672 1827 756 1864 23.
767 1834 819 1863 25,
831 1830 894 1859 26.

238 1875 315 1930 Qv.
330 1891 364 1922 2.
375 1871 496 1927 Juris
513 1872 607 1914 illius
620 1876 791 1913 exercitio
806 1886 857 1910 an
872 1885 999 1909 certus
1014 1877 1102 1908 ordo

490 1923 722 1985 præſcriptus
734 1931 810 1980 eſt?

189 1956 385 2029 Omninò,
393 1982 441 2025 ut
451 1977 584 2021 omnia
593 1984 691 2025 fiant
697 1976 858 2025 decenti
868 1974 1025 2032 ordine.
1042 1978 1073 2035 1.
1078 1978 1186 2034 Cor.
