2215 2577
713 268 779 329 156

1106 252 1558 314 DISSERTATIO.

717 369 820 404 tem
845 351 1052 402 Ethicae
1072 365 1188 402 cum
1217 345 1599 418 lurisprudentia
1637 344 1955 416 coniungen-

717 427 804 477 dae
825 424 1141 496 probaturus,
1168 423 1231 476 ad
1248 424 1408 478 varios
1433 419 1460 486 &
1489 423 1673 476 dubios
1687 426 1819 475 caſus
1842 422 1958 485 offi-

713 506 909 558 ciorum
948 504 1169 557 ciuilium
1201 516 1516 573 praeceptum
1542 502 1733 571 aliquot
1756 519 1817 551 ex
1845 517 1956 552 mo-

712 596 824 630 rum
858 576 1110 649 diſciplina
1141 573 1423 628 deſunitum
1450 564 1695 643 applicare
1727 572 1958 628 doceret,

712 664 792 716 vel
824 662 1054 714 Ethicam
1075 658 1520 713 characteriſticam
1548 657 1959 712 commendaret,

717 752 841 803 quae
862 735 1088 786 homines
1108 735 1370 788 virtutibus
1391 735 1444 786 &
1466 733 1594 785 vitiis
1616 731 1862 805 praeditos
1883 732 1958 782 di-

716 814 803 865 ctis
829 829 886 864 ac
914 813 1051 864 factis
1084 805 1200 869 ſuis,
1239 809 1394 869 veluti
1423 807 1566 880 ſignis
1605 811 1660 861 &
1699 809 1833 858 notis
1873 806 1959 858 de-

716 886 929 941 ſcribit.
954 885 1162 936 Etenim
1189 900 1298 933 non
1314 901 1379 933 ex
1393 880 1559 935 ethica
1579 876 1874 935 officiorum
1887 879 1961 930 ci-

720 965 892 1018 uilium
920 961 1326 1019 conſideratione,
1339 977 1498 1029 neque
1527 960 1888 1013 characteribus
1908 978 1959 1010 e-

720 1047 890 1100 thicis,
919 1046 1002 1113 qui
1023 1044 1084 1095 ad
1101 1045 1173 1097 ius
1194 1046 1313 1096 nihil
1338 1045 1480 1115 plane
1507 1043 1722 1101 faciunt,
1742 1037 1776 1104 &
1809 1043 1955 1099 aliam

718 1118 973 1187 originem
988 1113 1340 1186 propriamque
1365 1108 1614 1188 ſphaeram
1640 1108 1849 1187 habent,
1878 1108 1959 1164 ſed

722 1211 786 1244 ex
822 1196 926 1244 iure
967 1189 1209 1242 ſententia
1244 1188 1549 1242 deſumenda
1582 1184 1673 1245 eſt.
1738 1190 1863 1240 Sunt
1885 1189 1962 1240 illa

723 1274 836 1326 alibi
858 1273 1002 1323 vtilia
1031 1277 1085 1326 &
1116 1269 1240 1322 ſcitu
1266 1267 1501 1327 iucunda,
1533 1267 1592 1319 ad
1621 1267 1692 1319 ius
1708 1284 1828 1318 vero
1854 1282 1966 1317 non

721 1349 997 1419 pertinent,
1023 1343 1118 1397 niſi
1157 1362 1240 1414 quo
1277 1353 1431 1416 omnes
1455 1342 1682 1404 ſcientiae
1713 1361 1775 1394 eo
1793 1342 1966 1403 referri

723 1427 924 1487 poſſunt
941 1419 1163 1475 modo,
1190 1418 1220 1469 &
1255 1408 1318 1466 ad
1347 1412 1504 1465 flores
1521 1407 1842 1482 ſpargendos.
1909 1414 1966 1463 Si

725 1505 839 1568 quis
859 1486 1079 1566 integros
1105 1496 1336 1547 tractatus
1362 1504 1745 1563 praeceptorum
1766 1492 1960 1546 ethico-

725 1599 837 1633 rum
866 1577 925 1629 ad
954 1580 1115 1632 varios
1151 1577 1283 1628 caſus
1314 1571 1681 1649 applicatorum
1712 1573 1962 1644 perlegat,

728 1672 832 1710 non
851 1668 1016 1703 tamen
1037 1650 1213 1704 exinde
1235 1649 1497 1721 percipiet,
1518 1663 1667 1718 quam
1688 1649 1963 1719 cognatio-

728 1737 846 1791 nem
859 1732 1029 1784 ethica
1039 1731 1217 1784 habeat
1234 1748 1359 1784 cum
1370 1729 1763 1796 Iuriſprudentia.

852 1800 965 1856 Pari
975 1804 1173 1861 ratione
1187 1818 1288 1850 non
1307 1790 1519 1851 multum
1542 1799 1769 1868 ponderis
1797 1801 1846 1850 ad
1854 1799 1959 1860 do-

729 1887 941 1941 ctrinam
960 1885 1073 1935 iuris
1094 1884 1319 1936 naturalis
1336 1881 1790 1936 commendandam
1810 1882 1959 1941 habe-

725 1967 825 2021 bit,
860 1957 906 2024 ſi
921 1965 1052 2015 illam
1081 1960 1417 2013 venerandam
1434 1960 1547 2012 iuris
1569 1959 1732 2012 ciuilis
1745 1973 1964 2010 matrem

729 2041 975 2096 dicamus,
1012 2049 1157 2104 atque
1176 2037 1333 2091 multa
1344 2038 1429 2092 illo
1448 2035 1672 2091 theſauro
1691 2034 1958 2091 contineri,

1828 2133 1975 2192 quae
