1602 2360
507 253 741 304 LIBER
750 260 816 301 III.

1104 273 1156 311 83

201 333 279 366 Cum
296 335 428 372 gemitu:
451 340 579 373 reboant
593 341 747 381 ſylvæque
769 341 800 373 &
815 343 926 382 longus
947 344 1109 383 Olympus.

201 378 270 420 Nec
287 386 352 414 mos
370 380 516 421 bellantes
533 388 590 425 una
608 381 771 427 ſtabulare:
791 385 841 425 ſed
859 387 936 426 alter

157 444 218 476 225
243 439 347 472 Victus
364 440 443 478 abit,
465 441 615 479 longeque
636 442 750 481 ignotis
770 443 869 475 exulat
886 445 975 481 oris;

197 494 297 526 Multa
313 500 455 533 gemens,
476 494 690 537 ignominiam,
714 498 876 535 plagasque
896 496 1017 537 ſuperbi

197 539 353 576 Victoris;
375 533 456 576 tum,
482 549 559 579 quos
575 542 667 572 amiſit
683 545 817 579 inultus,
842 554 982 582 amores;

197 599 238 631 Et
253 602 365 632 ſtabula
385 600 559 639 adſpectans
574 602 675 641 regnis
695 605 813 636 exceſſit
835 605 936 637 avitis.

196 645 277 686 Ergo
295 650 376 690 omni
392 658 462 691 cura
475 658 556 693 vires
575 657 713 693 exercet,
741 652 772 696 &
787 654 867 694 inter

154 716 217 748 230
239 705 315 751 Dura
333 710 415 750 jacet
434 719 551 749 pernox
567 714 688 745 inſtrato
711 714 778 745 ſaxa
795 715 909 749 cubili,

194 758 366 797 Frondibus
380 750 502 791 hirſutis
513 760 543 792 &
559 760 658 790 carice
672 759 772 798 paſtus
787 769 891 792 acuta:

192 810 234 841 Et
246 817 339 842 tentat
356 801 433 846 ſeſe,
457 819 547 850 atque
565 811 650 843 iraſci
668 813 698 842 in
717 821 831 846 cornua
851 816 939 847 diſcit

192 865 323 897 Arboris
340 865 471 897 obnixus
496 873 619 898 trunco:
643 865 816 907 ventosque
839 871 950 908 laceſſit

193 912 330 949 Ictibus,
351 912 380 951 &
396 913 492 952 ſparſa
506 916 543 956 ad
559 922 687 954 pugnam
703 918 842 952 proludit
857 932 956 956 arena.

153 974 214 1007 235
236 964 324 1007 Poſt,
345 969 398 1002 ubi
415 970 571 1003 collectum
596 971 708 1006 robur,
731 972 876 1014 viresque
898 973 1031 1012 refectæ,

189 1027 282 1068 Signa
295 1034 419 1067 movet,
443 1023 642 1071 præcepsque
666 1032 795 1065 oblitum
812 1034 906 1066 fertur
925 1035 956 1065 in
973 1034 1108 1069 hoſtem:

192 1079 312 1112 Fluctus
322 1070 380 1117 ut,
401 1082 432 1112 in
456 1081 557 1112 medio
573 1082 666 1119 cœpit
683 1087 750 1114 cum
772 1083 922 1116 albeſcere
940 1092 1057 1122 ponto,

191 1123 348 1193 Longius,
372 1148 409 1170 ex
424 1141 548 1181 altoque
563 1143 655 1175 ſinum
669 1143 784 1181 trahit;
802 1153 895 1185 utque
910 1147 1037 1178 volutus

191 1182 242 1213 Ad
257 1194 370 1217 terras,
394 1189 521 1214 immane
535 1183 620 1219 ſonat
637 1197 692 1222 per
712 1191 798 1222 ſaxa,
821 1201 878 1217 nec
893 1193 957 1224 ipſo

150 1248 214 1280 240
234 1243 343 1274 Monte
358 1244 458 1274 minor
473 1244 667 1283 procumbit:
690 1252 719 1275 at
735 1247 792 1277 ima
810 1249 948 1281 exæſtuat
962 1250 1043 1280 unda

188 1300 384 1338 Verticibus,
408 1301 580 1341 nigramque
595 1304 654 1335 alte
677 1304 821 1344 ſubjectat
840 1313 971 1336 arenam.

189 1355 287 1388 Omne
303 1355 379 1386 adeo
395 1363 493 1394 genus
507 1358 537 1387 in
552 1358 640 1388 terris
660 1357 878 1398 hominumque
899 1360 1104 1398 ferarumque,

177 1407 229 1439 Et
242 1416 338 1448 genus
355 1416 550 1448 æquoreum,
566 1410 715 1447 pecudes,
737 1411 883 1451 pictæque
896 1414 1054 1450 volucres,

187 1462 221 1493 In
239 1462 332 1494 furias
348 1461 514 1503 ignemque
529 1470 631 1496 ruunt.
674 1465 769 1497 Amor
786 1467 925 1498 omnibus
942 1468 1036 1500 idem.

147 1505 208 1552 245
231 1511 386 1550 Tempore
403 1520 464 1544 non
482 1514 541 1546 alio
558 1514 727 1546 catulorum
748 1516 844 1548 oblita
862 1518 956 1548 leæna

186 1566 305 1596 Sævior
322 1567 433 1597 erravit
449 1558 580 1603 campis:
604 1574 660 1597 nec
677 1566 781 1599 funera
796 1569 890 1607 vulgo

185 1627 262 1658 Tam
278 1626 368 1657 multa
385 1626 532 1659 informes
550 1626 607 1659 urſi
622 1629 807 1668 ſtragemque
828 1630 940 1662 dedere

174 1680 241 1711 Per
255 1681 367 1721 ſylvas.
409 1682 488 1712 Tum
502 1682 598 1713 ſævus
616 1689 705 1720 aper,
729 1689 792 1713 tum
817 1685 934 1724 peſſima
949 1683 1047 1723 tigris.

185 1736 271 1768 Heu!
295 1737 372 1768 male
392 1744 453 1768 tum
470 1737 577 1776 Libyæ
592 1737 664 1769 ſolis
675 1745 790 1772 erratur
805 1740 835 1770 in
852 1738 942 1777 agris.

146 1794 207 1828 250
227 1792 341 1833 Nonne
354 1791 463 1828 vides,
484 1798 518 1823 ut
531 1799 596 1822 tota
603 1799 718 1824 tremor
729 1801 883 1834 pertenter
898 1803 1047 1833 equorum

186 1841 345 1880 Corpora,
367 1842 387 1874 ſi
404 1850 517 1875 tantum
540 1850 629 1875 notas
650 1847 728 1877 odor
745 1848 845 1878 attulit
865 1847 965 1877 auras!

182 1893 230 1925 Ac
252 1901 351 1931 neque
373 1903 424 1926 eos
442 1893 498 1934 jam
520 1895 613 1927 fræna
636 1897 753 1934 virum,
776 1906 875 1937 neque
892 1899 1019 1930 verbera
1042 1899 1130 1937 ſæva,

183 1944 257 1976 Non
273 1948 408 1982 ſcopuli,
429 1956 584 1983 rupesque
606 1938 710 1984 cavæ,
732 1956 822 1985 atque
846 1947 963 1986 objecta
977 1953 1131 1983 retardant

166 2000 335 2039 Flumina,
356 2002 580 2043 correptosque
602 2005 682 2036 unda
703 2006 876 2045 torquentia
890 2015 1027 2040 montes:

612 2074 650 2116 F
650 2074 693 2116 2

1008 2081 1093 2116 255
