1689 2323
553 382 592 416 17

552 533 583 568 18

553 899 587 931 19

547 1260 589 1283 20

603 268 673 303 hæc
689 279 785 315 igitur
800 268 910 304 adhuc
934 280 1050 317 parum
1082 270 1322 319 profecerunt?
1351 284 1427 320 quia
1449 286 1521 310 non

604 331 698 368 putat
707 322 736 356 ſe
745 321 896 358 ſuſtinere
906 321 1023 358 cauſſas
1034 322 1124 371 poſſe
1135 324 1318 361 multorum,
1348 325 1376 368 ſi
1376 325 1453 369 tibi,
1466 331 1519 362 cui

607 371 716 407 iuſtius
733 372 860 408 videtur
875 372 961 408 iraſci
978 372 1089 422 poſſe,
1111 374 1315 413 conceſſerit.
1370 381 1454 426 Quæ
1475 378 1519 416 eſt

602 431 717 468 igitur,
738 422 878 473 inquies,
896 423 962 474 ſpes
976 424 1009 459 ab
1025 427 1128 462 irato?
1145 427 1265 462 eodem
1278 427 1374 464 fonte
1392 428 1422 463 ſe
1438 429 1519 465 hau-

604 477 728 506 ſturum
744 472 898 519 intelligit
912 472 1021 507 laudes
1032 473 1118 512 ſuas,
1145 486 1162 507 e
1177 485 1246 522 quo
1270 475 1308 510 ſit
1328 475 1444 512 leuiter
1460 477 1517 512 ad-

608 527 737 575 ſperſus.
796 531 963 566 Poſtremo
975 530 1081 565 homo
1092 531 1135 567 eſt
1143 531 1237 568 valde
1246 542 1377 574 acutus,
1392 533 1425 568 &
1434 533 1518 571 mul-

604 589 675 613 tum
693 578 904 625 prouidens:
928 579 1084 629 intelligit
1113 594 1144 617 te
1166 584 1341 619 hominem
1365 585 1400 618 in
1424 593 1518 632 parte

600 629 698 664 Italiæ
714 639 851 662 minime
869 630 1116 665 contemnenda
1129 630 1224 668 facile
1241 634 1395 668 omnium
1418 632 1516 669 nobi-

602 680 778 721 lisſimum,
796 682 814 715 &
833 693 868 713 in
879 684 1051 716 communi
1061 681 1176 731 repub.
1195 685 1297 719 cuiuis
1311 683 1517 722 ſummorum

603 745 666 769 tuæ
676 744 792 775 ætatis,
807 735 859 770 vel
869 737 1027 783 ingenio,
1043 734 1095 771 vel
1112 748 1233 784 gratia,
1250 739 1303 775 vel
1311 739 1395 775 fama
1407 750 1516 787 popu-

602 788 625 821 li
644 790 743 822 Rom.
757 796 891 835 parem,
901 799 972 821 non
980 787 1071 837 poſſe
1081 790 1248 837 prohiberi
1258 790 1373 839 repub.
1384 791 1516 828 diutius.

600 838 708 875 Nolet
722 839 788 874 hoc
804 840 961 888 temporis
975 842 1084 888 potius
1109 839 1172 877 eſſe
1187 842 1366 890 aliquando
1388 844 1514 881 benefi-

602 890 706 926 cium,
726 898 826 933 quam
843 887 952 924 ſuum.
1004 892 1082 925 Dixi
1107 890 1148 927 de
1174 891 1323 929 Cæſare:
1351 903 1443 926 nunc
1465 892 1515 927 di-

602 952 676 975 cam
685 943 724 975 de
741 951 949 989 temporum,
967 953 1141 992 rerumque
1157 955 1285 983 natura.
1337 948 1452 984 Nemo
1470 948 1515 984 eſt

600 1004 669 1029 tam
686 996 837 1029 inimicus
847 998 878 1030 ei
888 994 1017 1037 cauſſæ,
1038 1009 1138 1045 quam
1153 999 1329 1046 Pompeius
1349 1002 1512 1042 animatus

600 1043 736 1081 melius,
748 1055 849 1089 quam
864 1055 994 1090 paratus
1003 1042 1198 1092 ſuſceperat,
1216 1046 1267 1096 qui
1286 1056 1337 1081 nos
1345 1041 1451 1082 malos
1467 1047 1512 1082 ci-

600 1107 656 1129 ves
664 1096 791 1135 dicere,
807 1106 862 1130 aut
877 1094 1030 1133 homines
1046 1095 1219 1146 improbos
1229 1099 1361 1136 audeat.
1387 1102 1422 1134 in
1439 1109 1510 1147 quo

600 1149 754 1184 admirari
769 1148 859 1184 ſoleo
870 1150 1081 1199 grauitatem,
1093 1154 1126 1187 &
1142 1153 1319 1195 iuſticiam,
1339 1152 1372 1189 &
1387 1153 1513 1202 ſapien-

599 1201 678 1234 tiam
708 1198 863 1235 Cæſaris:
896 1211 1069 1248 nunquam
1102 1201 1163 1237 niſi
1184 1201 1511 1241 honorificentiſſime

599 1253 797 1301 Pompeium
815 1253 969 1302 appellat.
1028 1264 1062 1288 at
1083 1254 1117 1289 in
1133 1257 1200 1290 eius
1224 1257 1398 1303 perſonam
1409 1257 1511 1294 multa

596 1302 674 1338 fecit
689 1301 840 1351 aſperius.
869 1314 1036 1340 armorum
1049 1305 1105 1341 iſta
1133 1308 1148 1342 &
1171 1306 1313 1343 victoriæ
1328 1304 1400 1344 ſunt
1414 1308 1509 1353 facta,

596 1365 669 1388 non
686 1354 828 1392 Cæſaris.
882 1364 915 1387 at
931 1366 993 1388 nos
1002 1355 1288 1403 quemadmodum
1299 1357 1343 1393 eſt
1358 1355 1508 1406 comple-

597 1413 683 1445 xus?
712 1409 857 1446 Caſſium
865 1410 924 1446 ſibi
930 1406 1070 1457 legauit,
1086 1414 1222 1449 Brutum
1231 1414 1344 1450 Galliæ
1353 1413 1507 1464 præfecit,

1404 1466 1510 1504 Sul-

639 1533 676 1557 17.
692 1524 782 1550 eodem
800 1521 901 1563 fonte]
916 1531 950 1551 ex
969 1522 1070 1553 eodem
1091 1530 1208 1561 ingenio
1232 1531 1284 1553 tuo
1308 1524 1405 1554 laudes
1420 1524 1509 1565 ſperat

596 1568 674 1604 ſuas,
690 1578 723 1596 ex
732 1579 788 1608 quo
798 1569 877 1600 ſenſit
886 1571 1128 1603 criminationem.

637 1618 672 1644 18.
690 1612 768 1641 homo
779 1614 812 1653 eſt
820 1612 899 1643 valde
911 1612 1029 1657 acutus]
1048 1615 1146 1647 Cæſar.

643 1662 691 1692 20.
714 1660 855 1677 armorum
864 1653 914 1689 iſta
930 1653 962 1681 &
976 1649 1111 1694 victoriæ]
1131 1649 1192 1682 Lib.
1207 1661 1245 1682 iv.
1263 1652 1340 1692 epiſt.
1356 1663 1396 1683 ix
1411 1652 1473 1685 ſect.
1489 1661 1505 1689 8

598 1698 693 1722 Multa
708 1697 801 1722 victori
809 1704 900 1722 eorum
908 1696 1041 1728 arbitrio,
1051 1702 1103 1733 per
1109 1698 1177 1732 quos
1177 1696 1254 1734 vicit,
1263 1703 1347 1725 etiam
1355 1698 1442 1725 inuito
1452 1696 1506 1736 fa-

600 1742 696 1773 cienda
706 1743 776 1775 ſunt.

640 1783 752 1814 Caſſium
758 1782 810 1818 ſibi
827 1778 948 1817 legauit]
969 1781 1005 1810 C.
1025 1778 1157 1821 Caſſium
1183 1779 1308 1820 legatum
1334 1779 1416 1813 ſuum
1438 1781 1506 1813 fecit

595 1820 633 1859 in
633 1826 722 1860 bello.

622 1863 754 1895 Brutum
771 1867 861 1896 Galliæ
874 1866 1016 1907 præfecit]
1041 1870 1137 1901 Galliæ
1153 1870 1309 1908 Ciſalpinæ.
1327 1879 1355 1901 at
1371 1873 1504 1902 Marcum

599 1917 635 1938 an
651 1909 819 1942 Decimum?
833 1910 967 1950 Marcum
984 1918 1148 1951 interpretes
1157 1911 1266 1951 volunt
1276 1908 1308 1953 ex
1323 1915 1444 1944 Oratore
1456 1916 1504 1943 Ci-
