2019 2949
611 442 1015 487 EDITIONIBVS

1256 449 1361 509 495

277 540 425 579 auct.—
446 528 642 572 Francoſurti
659 526 698 554 ad
708 526 815 554 Viadr.
831 530 865 553 in
883 526 937 553 off.
955 528 1001 570 Io.
1019 530 1180 572 Eichhorn
1194 540 1225 578 8.
1247 540 1340 581 1551.

273 588 331 623 De
346 588 480 625 conſilio
497 594 531 614 et
535 587 641 626 ſcopo
655 585 884 616 Aeneidos—
903 586 974 615 eod.
994 592 1075 613 auct.
1092 585 1167 615 ibid.
1192 592 1222 618 8.
1244 593 1338 620 1551.

360 647 412 677 De
429 642 589 675 Willichio
607 641 679 672 vide
696 642 736 672 ad
756 642 848 675 1535.
874 642 928 681 (B.
945 642 982 672 A.
999 641 1059 682 G.)

764 710 858 744 1552.

317 766 355 796 P.
375 764 416 795 V.
432 764 480 793 M.
510 762 619 802 Opera
638 760 687 790 ad
708 767 773 789 vet.
796 761 834 791 P.
851 760 969 790 Bembi
990 767 1024 789 et
1037 761 1081 794 A.
1097 759 1263 797 Naugerii
1284 771 1339 805 ex-

276 809 477 848 emplarium
494 808 603 848 fidem
627 807 809 848 caſtigata,
845 825 919 843 cum
943 813 1073 847 Seruii,
1115 821 1266 852 Donati,
1305 824 1340 854 et

275 863 423 893 aliorum
444 863 625 892 Comment.
665 862 816 893 Venetiis.
854 861 965 891 Iuntae
1203 863 1223 888 f.
1244 863 1337 894 1552.

361 920 445 952 Vide
463 920 511 951 ed.
532 918 624 952 1525.
652 919 748 951 Catal.
767 921 801 950 B.
819 920 856 949 R.
875 920 966 950 Pariſ.
995 918 1088 948 Poet.
1104 928 1137 948 n.
1153 918 1229 960 837.

766 993 859 1031 1554.

318 1042 356 1072 P.
382 1041 422 1073 V.
447 1039 494 1070 M.
520 1039 630 1080 Opera
654 1048 680 1068 c.
697 1047 729 1066 n.
756 1032 1012 1067 Melanchthonis
1032 1042 1066 1065 et
1086 1033 1339 1077 Hegedorphini.

272 1088 462 1141 Moguntiae
1191 1091 1223 1124 8.
1245 1090 1339 1134 1554.

361 1154 444 1187 Vide
465 1152 556 1186 Pariſ.
578 1151 656 1188 1531
681 1159 714 1185 et
733 1151 771 1183 al.
820 1151 927 1194 Tigur.
950 1148 1031 1192 1547
1048 1157 1107 1180 etc.

317 1204 355 1235 P.
382 1203 423 1237 V.
445 1204 492 1234 M.
525 1199 684 1232 Bucolica
716 1210 792 1229 cum
815 1198 1061 1230 Commentario
1091 1197 1182 1230 Rich.
1208 1197 1343 1230 Gorraei

272 1257 471 1299 Pariſienſis.
503 1257 653 1300 Lugduni
671 1258 757 1299 apud
777 1258 847 1289 Gul.
867 1257 1039 1289 Rouillium
1194 1256 1226 1289 8.
1246 1253 1339 1298 1554.

360 1317 463 1348 Maitt.
490 1318 528 1346 T.
545 1315 601 1351 III,
624 1325 655 1353 p.
673 1315 746 1354 648.
789 1314 933 1345 Muſeum
959 1314 1128 1344 Britannic.

315 1365 354 1395 P.
376 1364 416 1396 V.
441 1364 489 1394 M.
518 1363 628 1402 Opera
651 1359 724 1398 (vna
742 1369 813 1388 cum
831 1360 996 1400 opuſculis)
1021 1363 1119 1388 nouis
1134 1361 1344 1398 argumentis

273 1422 308 1444 et
320 1415 463 1454 ſcholiis
483 1408 666 1458 illuſtrata,
701 1412 879 1454 denuoque
900 1413 949 1442 ad
963 1412 1074 1454 fidem
1100 1416 1345 1452 exemplarium

275 1479 378 1511 quam
402 1468 649 1512 diligentiſſime
670 1466 834 1508 reſtituta.
873 1477 944 1497 cum
965 1465 1038 1507 figg.
1082 1466 1231 1506 Lugduni
1258 1468 1344 1508 apud

275 1527 348 1559 Seb.
369 1526 549 1571 Gryphium
1194 1526 1226 1557 8.
1243 1525 1339 1565 1554.

363 1577 416 1618 (B.
433 1579 470 1609 A.
491 1579 551 1620 G.)
593 1578 677 1610 Vide
704 1576 796 1611 1550.
825 1574 919 1616 1542.
965 1576 1130 1607 Praedicat
1153 1576 1188 1603 in
1212 1575 1344 1613 praefat.

274 1628 399 1668 (neſcio
426 1638 467 1657 an
483 1638 520 1658 ea
547 1629 608 1657 iam
627 1625 836 1669 ſuperioribus
854 1626 926 1656 edd.
942 1626 1078 1666 praefixa
1093 1626 1148 1665 ſit)
1182 1624 1343 1666 Gryphius

277 1676 447 1720 caſtigandi
460 1677 773 1718 interpungendique
798 1676 1009 1718 diligentiam;
1046 1686 1133 1705 noua
1157 1684 1344 1715 argumenta

277 1729 431 1770 appoſita
431 1730 479 1769 et
498 1731 629 1765 ſcholia,
660 1728 772 1771 quibus
789 1729 876 1765 loca,
906 1729 1047 1768 inprimis
1064 1739 1101 1758 ex
1119 1728 1247 1758 Graecis
1263 1737 1344 1767 poe-

278 1787 335 1822 tis,
361 1781 534 1824 adſcripſit,
562 1792 644 1823 quae
661 1782 810 1823 Virgilius
832 1783 970 1813 imitatus
989 1780 1041 1813 eſt.

768 1863 862 1893 1555.

318 1912 356 1943 P.
376 1910 416 1943 V.
434 1910 483 1940 M.
510 1908 620 1946 Opera
637 1916 710 1937 cum
727 1906 800 1936 Nic.
815 1902 998 1946 Erythraei
1008 1903 1151 1944 ſcholiis
1168 1911 1203 1934 et
1217 1902 1341 1936 indice.

274 1961 418 1998 Venetiis
444 1958 529 2001 apud
553 1960 598 1991 Io.
620 1960 692 1991 Ant.
718 1958 846 1989 Sabium
1194 1957 1226 1991 8.
1248 1957 1343 1992 1555.

362 2011 510 2055 Repetita
527 2012 624 2043 editio
633 2012 715 2044 Ven.
736 2008 829 2053 1539.
845 2009 938 2051 1540.
959 2010 1029 2042 Alia
1044 2020 1103 2050 per
1111 2009 1344 2052 Hieronymum

278 2065 414 2098 Scotum
434 2065 567 2105 repetita
586 2063 648 2093 hoc
671 2073 767 2095 anno.
813 2064 961 2095 Biblioth.
980 2063 1132 2094 Schwarz.
1152 2071 1184 2091 n.
1206 2069 1298 2102 1009.

320 2124 358 2155 P.
380 2122 421 2153 V.
444 2122 492 2152 M.
515 2117 696 2155 Bucolica,
717 2118 752 2148 P.
765 2119 859 2149 Rami
880 2116 1168 2156 praelectionibus
1182 2117 1343 2157 expoſita.

278 2170 370 2207 Pariſ.
389 2181 448 2214 per
463 2171 545 2203 And.
562 2169 748 2203 Wechelum
770 2170 801 2203 8.
823 2169 905 2203 1555
930 2178 961 2201 et
983 2168 1151 2208 Georgica
1167 2167 1260 2207 1556,
1282 2169 1347 2199 ſae-

279 2231 351 2271 pius
376 2228 491 2260 deinde
512 2227 635 2265 recuſa;
665 2235 699 2260 vt
717 2226 819 2268 1564,
845 2228 971 2257 tertium
992 2225 1086 2269 1572,
1104 2225 1158 2262 8.,
1197 2232 1345 2265 quintum

278 2281 423 2317 Francof.
445 2279 538 2323 1590.
589 2281 652 2313 Sed
675 2290 717 2314 ne
739 2281 845 2322 pueris
861 2278 989 2323 quidem
1007 2282 1041 2311 in
1064 2289 1175 2310 manus
1199 2278 1344 2312 daremus

278 2339 335 2372 has
358 2339 596 2382 praelectiones.

324 2398 363 2428 P.
387 2395 429 2429 V.
450 2395 561 2426 Maro.
582 2388 716 2424 Aldus,
743 2389 941 2431 Corrigente
958 2389 1066 2423 Paulo
1081 2389 1240 2423 Manutio
1257 2389 1345 2424 Aldi

274 2453 362 2496 ſilio.
405 2453 547 2485 Venetiis
1199 2447 1229 2483 8.
1252 2447 1343 2485 1555.

318 2508 438 2551 TOM.
438 2508 476 2551 V

868 2502 937 2541 Iii
