1570 2391
470 395 696 439 SACRA.

965 403 1016 444 79

168 457 238 511 naſy
258 458 469 511 ſubſcripſit.
490 462 631 514 Vigilius
631 470 656 513 b
669 460 787 501 hæreſin
800 449 1015 504 Eutychiano-

169 516 243 555 rum
253 515 287 543 &
297 515 593 560 Monothelitarum
602 514 818 549 confirmavit,
834 506 869 542 &
882 499 1018 542 anathe-

173 577 227 598 ma
242 570 325 601 dixit
333 579 386 610 iis,
397 581 453 615 qui
463 568 653 614 confitentur
662 581 693 600 in
704 566 824 611 Chriſto
833 568 909 602 duas
918 568 1017 601 natu-

170 633 229 658 as.
281 625 457 661 Honorius
462 634 487 658 c
494 622 623 673 publicá
634 622 771 672 Epiſtolâ
793 637 929 658 errorem
945 630 1025 659 Ser-

163 673 383 707 gyprincipiis
391 671 677 721 monothelitarum
687 680 939 718 canonizavit,
929 654 1022 724 ideoq́;

172 728 193 763 à
207 728 329 768 Concil.
333 722 360 779 6.
369 724 709 776 Conſtantinopolitano
723 725 841 775 publicè
863 739 923 763 cum
945 723 1022 775 ipſo,

174 785 332 825 tanquam
344 776 573 822 Monothelita,
586 777 761 812 damnatus
761 778 846 823 ſuit.
874 775 1024 827 Pelagius

172 825 346 863 Secundus
357 828 373 856 d
383 827 555 864 decretum
566 828 668 861 edidit
680 840 752 860 cum
755 828 917 870 ſententia
927 833 1023 873 Apo-

167 875 253 923 ſtoli,
273 881 381 915 1.Cor.
400 893 431 918 7.
448 880 614 926 manifeſtè
628 888 789 926 pugnans:
815 876 1024 912 Subdiaconis

174 935 297 971 uxores,
297 936 377 971 quas
387 944 422 979 in
422 932 604 978 minoribus
613 921 775 961 ordinibus
786 931 957 977 duxerint
965 934 1025 971 aut

172 978 457 1025 dimittendas,aut
465 986 507 1018 ab
515 986 608 1028 officio
616 983 797 1029 ceſſandum
807 981 872 1030 eſſe.
896 982 1021 1030 Gregor.

173 1038 188 1060 e
200 1045 227 1074 3.
236 1033 385 1069 Decreto
397 1034 526 1081 publico
538 1041 684 1080 permiſit
699 1049 773 1065 viro
782 1035 903 1066 ducere
918 1042 1021 1065 aliam

170 1094 319 1123 uxorem,
317 1085 353 1131 ſi
354 1095 483 1133 propter
490 1089 636 1121 morbum
645 1090 785 1132 aliquem
794 1097 878 1118 uxor
891 1093 1026 1132 propria

174 1128 319 1164 debitum
327 1136 492 1176 conjugale
500 1137 633 1165 reddere
643 1149 702 1163 non
711 1141 851 1166 valeret.
902 1139 1024 1167 Nico-

172 1172 242 1217 laus
250 1180 267 1210 f
270 1182 402 1217 Primus
410 1191 443 1215 in
450 1183 581 1228 Epiſtola
590 1186 634 1215 ad
641 1188 785 1224 conſulta
796 1190 1025 1227 Bulgarorum,

172 1231 379 1279 confirmavit
415 1232 623 1282 Baptiſmum
659 1236 792 1286 tantùm
822 1238 858 1281 in
896 1252 1025 1283 nomino

172 1280 291 1339 Chriſti
310 1282 606 1338 adminiſtratum,
625 1288 820 1326 Cæleſtinus
830 1302 858 1348 g
858 1302 885 1348 3.
899 1293 934 1322 in
944 1293 1022 1334 Epi-

167 1336 250 1383 ſtola
257 1337 418 1375 decretali
424 1337 564 1387 ſtatuit,
581 1353 828 1386 matrimonium
843 1344 989 1384 diſſolvi,
990 1342 1025 1381 ſi

174 1388 260 1426 alter
274 1399 442 1432 conjugum
457 1396 493 1425 in
517 1393 638 1435 hæreſin
657 1396 824 1441 inciderit.
877 1397 1024 1441 Alexan-

172 1446 230 1483 der
241 1446 259 1478 h
271 1459 299 1492 3.
308 1444 475 1496 reſcripſit,
492 1457 638 1497 pugnare
654 1463 725 1481 cum
740 1451 806 1495 lege
823 1449 918 1486 DEI,
918 1449 1022 1485 cum

177 1490 336 1544 inſtitutis
359 1523 503 1539 Patrum,
517 1507 591 1530 cum
602 1501 735 1540 Eccleſiæ
756 1500 1023 1538 conſuetudine,

173 1561 211 1583 ut
218 1553 320 1597 plures
324 1553 393 1601 ſint
407 1552 493 1599 teſtes
510 1552 609 1603 quàm
624 1563 694 1588 tres.
744 1554 952 1588 Innocentius
957 1555 981 1589 i
991 1561 1020 1591 3.

174 1591 314 1644 Judaicè
322 1604 494 1652 definivit,
521 1607 558 1646 id
567 1606 651 1642 quod
660 1609 692 1647 in
705 1604 956 1647 Deuteronomio
959 1601 1023 1641 de-

168 1665 332 1698 cernitur,
350 1672 385 1692 in
401 1661 450 1698 N.
465 1658 543 1698 Teſt.
560 1658 732 1691 moraliter
760 1655 1020 1700 obſervandum

170 1703 237 1750 eſſe.
291 1704 463 1755 Nicolaus
463 1714 488 1759 k
499 1720 534 1755 4.
549 1707 756 1748 judicialiter
769 1713 1022 1751 pronunciavit,

174 1759 337 1806 Chriſtum
344 1761 381 1799 &
390 1760 570 1810 Apoſtolos
577 1760 661 1797 nihil
666 1757 814 1803 habuiſſe,
826 1770 881 1790 nec
890 1772 924 1791 in
933 1772 1020 1793 com-

174 1814 268 1838 muni
285 1818 342 1839 nec
355 1821 393 1840 in
408 1810 621 1850 particulari,
634 1809 768 1849 ideoque
785 1811 1020 1848 abdicationem

169 1859 381 1903 proprietatis
394 1873 517 1898 rerum,
532 1874 596 1892 non
596 1873 669 1892 tam
687 1870 720 1889 in
724 1856 875 1903 ſpeciali.
898 1870 1021 1903 quam

175 1916 276 1945 etiam
287 1912 324 1945 in
339 1918 502 1946 communi
517 1911 572 1954 eſſe
580 1911 726 1954 ſanctam
736 1915 775 1955 &
783 1920 1019 1959 meritoriam.

175 1951 350 2000 Johannes
362 1969 413 1993 22.
419 1966 436 1996 l
445 1976 505 1994 non
504 1962 608 2004 ſolùm
618 1964 740 2010 docuit,
753 1972 879 2009 animas
891 1977 956 2018 usq́;
973 1967 1018 2011 ad

174 2025 375 2053 mortuorum
391 2015 649 2063 reſurrectionem
665 2013 878 2059 dormituras,
887 2025 959 2060 ſed
959 2030 1018 2060 er-

911 2089 1018 2112 rorem
