2593 2785
960 386 997 444 §.
1021 384 1076 429 V.
1115 387 1172 442 3)
1192 384 1377 430 Turbatio
1393 385 1441 437 eſt
1456 388 1634 445 proxima
1649 384 1787 445 agendi
1802 389 1924 442 cauſa.
1962 387 2115 444 Factum
2130 387 2364 445 turbativum

1117 440 1180 481 vel
1193 437 1343 487 verbale
1360 429 1420 491 eſt,
1436 440 1498 483 vel
1511 432 1639 484 reale.

963 502 1000 561 §.
1017 503 1095 549 VI.
1125 505 1167 545 In
1182 502 1380 559 poſſeſſorio
1384 503 1591 556 ſummario
1601 502 1821 563 proceditur
1821 504 1906 558 ſine
1909 504 2153 561 ſolennitate.
2176 510 2261 551 Non
2280 517 2366 565 opus

1120 562 1168 607 eſt
1179 563 1329 607 ſolenni
1344 563 1477 607 libello.

960 613 1004 670 §.
1010 619 1119 664 VII.
1143 618 1287 662 Exulat
1304 618 1391 663 litis
1407 606 1655 669 denunciatio.

934 675 1003 734 §.
1016 675 1123 725 VIII.
1147 663 1325 722 Probatio
1343 674 1509 723 omnibus
1513 672 1733 730 ſolennibus
1750 685 1868 718 exuta
1883 674 1944 729 eſt.
1975 675 2188 738 Aliquando
2205 682 2271 722 uni
2285 680 2365 733 teſti

1118 723 1304 769 creditur.
1333 719 1436 769 Aliis
1449 723 1526 784 ſine
1529 719 1763 781 juramento.
1806 724 2059 783 Adverſarius
2074 728 2143 771 non
2161 734 2302 779 citatur
2317 734 2365 774 ad

1086 784 1314 834 videndum
1324 791 1472 839 jurare
1492 789 1600 841 teſtes
1622 801 1691 832 aut
1708 787 1831 833 danda
1852 794 2169 850 interrogatoria.
2213 797 2356 837 Remon-

1109 841 1251 893 ſtratio
1268 844 1368 884 ultro
1393 856 1452 889 non
1467 836 1603 896 oblata
1619 859 1690 886 non
1709 841 1942 890 admittitur.
1991 846 2214 898 Juramenti
2230 848 2355 892 delatio

1118 892 1244 953 ceſſat.

962 954 999 1009 §.
1018 950 1092 997 IX.
1116 957 1254 995 Statim
1279 939 1474 1006 definitiva
1482 953 1684 1008 ſententia
1684 958 1841 1005 fertur.

964 1018 1004 1076 §.
1021 1020 1077 1064 X.
1120 1017 1293 1062 Remedia
1297 1019 1511 1078 ſuſpenſiva
1528 1012 1604 1064 non
1628 1012 1698 1073 niſi
1706 1012 1879 1079 perſonis
1896 1025 1964 1083 qui
1986 1024 2221 1078 reſtitutione
2243 1028 2284 1069 in
2303 1029 2355 1069 in-

1117 1087 1265 1128 tegrum
1276 1078 1462 1137 gaudent,
1476 1083 1762 1128 permittuntur.

963 1133 1002 1192 §.
1018 1132 1092 1179 XI.
1120 1137 1163 1176 In
1174 1133 1341 1187 Proceſſu
1350 1134 1556 1192 poſſeſſorio
1562 1135 1770 1188 ſummario
1780 1136 1972 1180 celerrime
1991 1131 2208 1201 proceditur.
2230 1143 2352 1188 Citatio

1072 1184 1247 1240 ſtatim
1249 1184 1322 1241 ſub
1333 1189 1552 1244 præjudicio
1568 1184 1773 1234 emittitur.
1801 1182 1977 1239 Actor&
1988 1208 2077 1236 reus
2083 1192 2223 1245 ſtatim
2230 1190 2353 1253 proba-

1113 1252 1251 1292 tionem
1266 1250 1406 1294 actioni
1435 1250 1459 1297 &
1484 1243 1693 1308 exceptioni
1709 1249 1926 1313 jungunt.
1941 1252 2073 1296 Rotuli
2085 1252 2218 1312 quibus
2231 1253 2355 1313 proba-

1115 1323 1195 1365 tur,
1211 1310 1419 1363 judiciales
1433 1316 1497 1368 eſſe
1507 1313 1652 1358 debent.

1032 1381 1106 1437 Pr.
1139 1376 1377 1435 Proceſſus
1411 1379 1703 1436 Poſſeſſorius
1736 1378 2003 1435 ſummarius
2035 1385 2107 1439 eſt
2128 1383 2351 1440 Proceſſus

1104 1446 1543 1510 extraordinarius,
1577 1460 1676 1516 quo
1686 1446 1823 1523 ſuper
1835 1449 2116 1520 poſſeſſionis
2133 1452 2347 1523 præſentis

1141 1517 1409 1574 turbatione
1422 1520 1515 1573 ſine
1524 1519 1802 1575 ſolennitate
1819 1519 2058 1585 celerrime
2077 1521 2350 1585 proceditur.

1603 1595 1652 1638 §.
1668 1595 1713 1639 I.

960 1650 1056 1794 P

1056 1651 1254 1703 Roceſſus
1270 1643 1541 1711 poſſeſſorius
1548 1642 1724 1701 vocatur
1730 1654 1785 1699 ab
1795 1642 1977 1712 objecto,
1992 1642 2096 1714 circa
2121 1649 2211 1713 quod
2232 1656 2351 1703 verſa-

1071 1714 1153 1761 tur,
1163 1704 1317 1757 ſcilicet
1328 1705 1586 1759 poſſeſſione,
1596 1707 1720 1758 ſuper
1730 1718 1814 1761 qua
1833 1709 1917 1757 ſola
1927 1711 2209 1759 abſtrahendo
2217 1720 2239 1753 a
2246 1719 2347 1762 quæ-

1071 1766 1202 1809 ſtione
1209 1779 1310 1821 juris
1321 1766 1365 1809 &
1371 1778 1652 1825 proprietatis,
1667 1764 1930 1824 diſceptatur,
1938 1770 2057 1824 quod
2066 1783 2164 1817 cum
2173 1771 2241 1816 vel
2251 1771 2350 1816 ordi-

950 1826 1077 1878 nario
1093 1826 1230 1871 modo
1247 1827 1315 1872 vel
1332 1827 1557 1879 ſummario
1575 1827 1675 1884 fiat,
1692 1831 1819 1882 miſſo
1830 1821 1903 1886 illo
1903 1824 1981 1886 de
2005 1820 2071 1886 hoc
2091 1823 2225 1892 ſaltem
2253 1834 2355 1885 nunc

926 1881 1098 1938 agitur
1119 1883 1138 1925 &
1157 1883 1256 1930 hinc
1263 1874 1511 1941 ſummarius
1521 1884 1686 1937 dicitur.
1713 1874 1819 1936 Alii
1830 1877 2210 1937 ſummariiſſimum
2216 1884 2351 1935 dicere

954 1930 1140 1991 malunt,
1171 1941 1269 1996 quia
1298 1936 1406 1995 omne
1422 1932 1721 1999 poſſeſſorium
1747 1936 1932 2006 adeoque
1950 1941 2071 2010 etiam
2100 1946 2350 1994 ordinarium

948 1988 1039 2055 jam
1050 1991 1369 2057 quodammodo
1380 1991 1648 2059 ſummarium
1648 1992 1743 2060 eſt.

1189 2055 1508 2122 Stryk.Introd.c.
1518 2054 1547 2107 1.
1556 2066 1602 2114 §.
1609 2059 1711 2117 18.

1017 2082 1106 2146 §.
1113 2104 1174 2139 II.
1211 2102 1273 2144 Eſt
1293 2108 1458 2152 Proceſſus
1477 2095 1821 2154 extraordinarius.
1832 2072 1959 2160 Quid
1980 2092 2105 2161 extra
2125 2101 2298 2162 ordinem
2307 2111 2347 2136 in

943 2184 1005 2218 eo
1015 2164 1191 2230 ejusque
1200 2167 1395 2223 remediis
1413 2164 1568 2233 activis,
1587 2164 1806 2239 defenſivis,
1817 2171 2157 2235 demonſtrativis,
2167 2180 2347 2235 deciſivis

925 2224 995 2284 &
1003 2225 1240 2295 ſuſpenſivis
1252 2224 1450 2294 obtineat,
1466 2233 1573 2283 infra
1583 2223 1836 2298 videbimus.
1852 2226 1969 2294 Ratio
1991 2227 2124 2307 autem,
2153 2239 2265 2302 quare
2281 2239 2346 2284 hic
