1518 2225
576 370 633 416 562

823 376 863 422 L.
863 376 1023 422 ANNAEI
1023 376 1214 422 SENECAE

581 443 663 481 quod
672 450 792 475 viuimus
798 443 835 474 ad
844 448 987 489 exempla:
1003 458 1056 481 nec
1064 451 1175 483 ratione
1184 454 1393 497 componimur,

578 490 631 523 ſed
638 493 842 527 conſuetudine
849 494 1029 532 abducimur.
1073 500 1186 545 Quod,
1196 502 1215 535 ſi
1223 504 1309 545 pauci
1316 507 1394 539 face-

580 540 660 568 rent,
675 535 811 568 nollemus
825 538 940 571 imitari:
956 550 1021 572 cum
1031 543 1121 583 plures
1137 544 1231 576 facere
1239 553 1392 587 cœperunt,

579 575 657 617 quaſi
676 576 819 614 honeſtius
833 580 881 619 ſit,
902 583 969 623 quia
988 583 1182 628 frequentius,
1195 588 1350 630 ſequimur:
1364 594 1393 624 &

577 619 650 653 recti
656 621 731 663 apud
739 632 792 654 nos
798 626 893 658 locum
902 636 981 660 tenet
988 640 1081 671 error,
1096 630 1146 663 vbi
1156 629 1281 676 publicus
1297 638 1390 670 factus

577 664 618 696 eſt
628 668 737 699 Omnes
742 667 798 699 iam
808 668 842 699 ſic
852 672 1085 715 peregrinantur,
1086 685 1119 714 vt
1128 678 1191 708 illos
1200 679 1388 715 Numidarum

574 711 725 747 præcurrat
738 708 894 753 equitatus,
908 719 939 743 vt
946 722 1050 754 agmen
1065 716 1208 750 curſorum
1229 720 1386 754 antecedat.

574 756 657 789 turpe
663 748 711 793 eſt,
726 752 802 783 nullos
814 754 874 794 eſſe,
886 755 926 798 qui
933 764 1112 792 occurrentes
1120 762 1163 792 via
1178 762 1329 801 deiiciant,
1337 762 1387 806 qui

573 793 723 839 honeſtum
731 794 879 830 hominem
887 803 983 834 venire
992 811 1097 844 magno
1106 805 1219 847 puluere
1228 808 1387 843 oſtendant.

571 841 681 875 Omnes
690 840 746 872 iam
755 841 845 873 mulos
855 842 969 887 habent,
979 844 1020 889 qui
1030 849 1186 886 cryſtallina
1193 854 1221 883 &
1228 853 1386 888 murrhina,

571 881 591 910 &
608 880 701 913 cælata
715 889 885 925 magnorum
898 888 1037 918 artificum
1051 899 1138 920 manu
1155 900 1282 933 portent.
1300 900 1384 934 turpe

571 927 633 963 eſt,
646 927 762 966 videri,
775 940 822 962 eas
830 936 858 962 te
865 932 968 966 habere
978 936 1113 971 ſarcinas,
1127 947 1189 979 quæ
1196 948 1259 972 tuto
1273 949 1381 974 concu-

568 973 592 1003 ti
601 974 714 1014 poſſint.
754 976 894 1011 Omnium
908 979 1072 1023 pædagogia
1087 982 1178 1023 oblita
1193 982 1223 1030 4)
1239 987 1315 1020 facie
1330 998 1379 1021 ve-

568 1013 694 1048 huntur,
708 1023 746 1046 ne
754 1013 811 1053 ſol,
821 1025 858 1050 ne
867 1018 956 1059 frigus
962 1028 1089 1054 teneram
1096 1031 1192 1058 cutem
1207 1026 1297 1060 Iædat.
1319 1036 1381 1060 tur-

566 1065 605 1095 pe
620 1055 677 1094 eſt,
688 1060 833 1095 neminem
845 1061 897 1094 eſſe
906 1065 935 1095 in
945 1066 1083 1099 comitatu
1098 1076 1276 1110 puerorum,
1299 1072 1377 1107 cuius

566 1101 630 1133 ſana
651 1101 739 1135 facies
758 1102 996 1143 medicamentum
1026 1108 1173 1146 deſideret.
1213 1115 1322 1147 Horum
1343 1126 1378 1147 o-

565 1145 676 1178 mnium
683 1145 773 1180 ſermo
782 1147 915 1185 vitandus
921 1148 973 1191 eſt.
989 1154 1018 1184 hi
1026 1154 1104 1191 ſunt,
1114 1158 1162 1197 qui
1171 1158 1237 1189 vitia
1252 1159 1377 1197 tradunt,

564 1189 593 1219 &
600 1188 658 1219 alio
665 1189 777 1222 aliunde
787 1192 971 1228 transferunt.
1011 1197 1158 1233 Peſſimum
1173 1209 1263 1241 genus
1275 1202 1371 1237 homi-

561 1240 633 1264 num
641 1232 806 1273 videbatur,
823 1236 870 1277 qui
885 1236 961 1269 verba
975 1239 1111 1282 geſtarent
1111 1242 1169 1284 5):
1185 1243 1249 1288 ſunt
1261 1247 1374 1288 quidam

562 1275 614 1318 qui
631 1278 699 1309 vitia
720 1278 829 1322 geſtant
840 1284 877 1316 6).
895 1286 1006 1317 Horum
1026 1285 1118 1321 ſermo
1132 1289 1253 1322 multum
1278 1298 1375 1325 nocet.

560 1329 630 1351 nam
639 1321 745 1354 etiamſi
752 1331 813 1356 non
822 1324 912 1358 ſtatim
921 1328 1027 1363 officit:
1047 1330 1152 1364 ſemina
1169 1334 1199 1364 in
1213 1333 1311 1366 animo
1328 1345 1371 1367 re-

559 1361 686 1405 linquit,
697 1363 878 1410 ſequiturque
886 1380 938 1401 nos
945 1370 1030 1404 etiam
1039 1382 1104 1405 cum
1112 1373 1149 1411 ab
1158 1377 1212 1409 illis
1220 1377 1372 1414 diſceſſeri-

558 1416 641 1445 mus,
655 1406 872 1445 reſurrecturum
883 1415 978 1456 poſtea
994 1416 1110 1453 malum.
1170 1420 1371 1465 Quemadmo-

558 1446 628 1479 dum
636 1450 684 1490 qui
691 1447 841 1490 audierunt
849 1453 1064 1500 ſymphoniam,
1079 1458 1174 1491 ferunt
1180 1456 1273 1493 ſecum
1280 1464 1310 1493 in
1318 1470 1372 1495 au-

557 1492 636 1526 ribus
652 1495 878 1531 modulationem
886 1501 963 1533 illam
970 1513 1003 1537 ac
1011 1503 1191 1542 dulcedinem
1199 1510 1305 1553 cantus,
1317 1517 1369 1552 quæ

556 1537 747 1578 cogitationes
771 1539 909 1581 impedit,
929 1546 1009 1581 nec
992 1543 1020 1588 ad
1040 1546 1108 1580 ſeria
1123 1549 1228 1590 patitur
1241 1550 1369 1586 intendi:

554 1581 592 1613 ſic
600 1583 794 1620 adulatorum,
810 1588 840 1619 &
852 1598 939 1628 praua
952 1589 1127 1627 laudantium
1135 1594 1242 1632 ſermo,
1262 1598 1370 1632 diutius

554 1626 640 1658 hæret
647 1636 732 1668 quam
740 1629 871 1664 auditur:
889 1644 941 1665 nec
955 1634 1039 1668 facile
1047 1636 1105 1674 eſt,
1120 1638 1218 1675 animo
1233 1641 1369 1676 dulcem

551 1667 655 1701 ſonum
669 1679 810 1704 excutere.
828 1674 1008 1719 proſequitur
1019 1681 1050 1711 &
1062 1679 1161 1720 durat,
1174 1682 1204 1714 &
1225 1692 1260 1714 ex
1277 1685 1366 1718 inter-

583 1750 612 1773 4.
629 1744 720 1777 Oblita]
746 1748 816 1774 ſuceo
825 1755 867 1775 aut
879 1745 939 1786 offa,
955 1757 996 1787 aut
1009 1753 1053 1780 alio
1068 1761 1153 1782 contra
1164 1755 1240 1785 ſolem
1260 1758 1366 1787 medica-

548 1788 654 1812 mento,
667 1791 699 1808 ne
707 1792 789 1812 tenera
803 1787 868 1813 cutis
876 1790 985 1818 lædatur.
1006 1792 1071 1826 Lipſ.

583 1821 605 1846 5.
625 1818 674 1851 Qui
683 1818 753 1842 verba
763 1818 885 1855 geſtarent]
907 1822 937 1848 de
946 1824 1182 1860 calumniatoribus,
1196 1827 1366 1861 ſuſurronibus

547 1856 590 1881 vel
598 1854 750 1884 delatoribus
759 1856 848 1890 accipit
878 1862 945 1895 Lipſ.

583 1893 606 1921 6.
623 1889 726 1924 Geſtant]
743 1892 933 1926 circumſerunt,
947 1895 973 1925 in
985 1897 1049 1928 alios
1065 1899 1242 1932 transferenda.

1283 1947 1365 1974 vallo
