2498 2919
969 582 1022 628 32

1463 567 1529 613 De
1529 567 1697 613 Pediculo

980 664 1251 716 Acridophagis
1263 663 1381 704 Libiæ
1398 664 1542 715 populo
1558 667 1624 714 (ex
1644 662 1793 715 largiori
1808 663 2028 704 locuſtarum
2050 661 2127 708 eſu)
2147 663 2212 703 ubi

981 716 1298 762 quadrageſimum
1311 726 1449 749 annum
1465 712 1690 757 exceſſerint,
1715 712 1758 749 iis
1772 709 1967 749 nonſolum
1983 712 2060 751 viſu
2080 711 2215 756 varios,

978 776 1042 813 ſed
1061 776 1176 825 ſpecie
1195 772 1367 812 horridos
1379 781 1421 807 ac
1443 779 1570 822 turpes
1591 772 1784 822 pediculos
1805 772 1918 810 alatos
1932 771 1969 808 in
1995 770 2218 821 corporibus.

983 832 1088 875 naſci,
1110 832 1172 878 qui
1186 838 1356 867 ventrem
1371 827 1511 877 primo,
1521 837 1602 865 tum
1615 829 1743 877 pedes,
1770 829 1906 867 deinde
1932 835 2054 866 totum
2080 838 2215 878 corpus

984 899 1102 934 parvo
1117 897 1288 932 tempore
1305 884 1479 922 exedunt.
1528 887 1581 923 Ita
1596 885 1672 922 Cel.
1688 894 1880 929 PAVLLINI
1880 894 1924 929 t)
1944 881 2150 932 ſextipedes
2163 884 2217 921 ni-

983 957 1071 995 gros
1089 946 1280 996 pediculos
1291 945 1413 991 alatos,
1432 946 1688 995 magnitudine
1704 943 1874 995 vulgares
1892 955 2094 996 porcorum
2114 945 2217 992 pedi-

989 1005 1092 1036 culos
1107 1009 1303 1046 æquantes,
1313 1011 1398 1037 cum
1413 999 1554 1036 ſuſurro
1570 1000 1609 1036 in
1621 1012 1703 1037 aere
1718 1003 1914 1037 volitantes
1925 1002 1964 1040 in
1975 999 2153 1040 Weſtfalia
2166 1001 2219 1037 vi-

988 1059 1056 1103 dit,
1072 1058 1135 1106 qui
1150 1067 1308 1106 puerum
1319 1057 1442 1105 porcis
1457 1054 1676 1104 præfectum
1688 1056 1940 1095 miſerabiliter
1952 1046 2219 1095 excruciabant,

985 1119 1230 1157 referentem:
1271 1119 1308 1156 Si
1324 1120 1430 1165 porci
1449 1119 1489 1156 in
1500 1117 1608 1156 fovea
1622 1118 1688 1156 iſta
1701 1115 1878 1167 uliginoſa
1890 1118 1962 1158 ſeſe
1982 1115 2161 1163 volutant,
2179 1122 2219 1152 ut

983 1174 1078 1224 ſæpe
1103 1174 1278 1222 factitant,
1302 1174 1523 1224 plerumque
1549 1174 1624 1211 hoc
1637 1186 1800 1213 examen
1816 1180 2019 1219 reportant,
2048 1182 2067 1209 a
2089 1181 2214 1222 grege,

982 1236 1097 1271 quem
1113 1226 1232 1272 paſco,
1245 1227 1431 1277 myriades
1443 1226 1586 1272 accipio
1600 1229 1653 1266 u).

1485 1315 1520 1347 §.
1569 1312 1710 1340 XXXV.

1082 1391 1277 1437 Pediculus
1291 1391 1334 1433 ab
1350 1392 1427 1432 aliis
1443 1391 1617 1439 laudatur,
1637 1390 1682 1432 ab
1703 1389 1783 1431 aliis
1795 1391 1972 1442 culpatur,
1995 1392 2035 1432 &
2057 1379 2216 1449 deſpica-

983 1455 1039 1495 tui
1048 1455 1205 1505 ducitur,
1212 1459 1244 1508 ut
1258 1452 1576 1493 contemnendum
1589 1453 1684 1494 iſtud
1693 1452 1950 1494 animalculum
1962 1453 1999 1491 in
2008 1446 2248 1503 proverbiis

982 1517 1160 1556 vetuſtate
1173 1518 1342 1556 contritis
1355 1516 1532 1556 verſetur.
1576 1519 1666 1554 Dæn.
1677 1527 1856 1555 HEINSIVS
1866 1520 1905 1563 v)
1919 1522 2047 1552 contra
2055 1523 2218 1563 panegy-

985 1577 1100 1613 ricam
1116 1575 1321 1612 orationem
1330 1575 1425 1612 dixit
1432 1573 1625 1624 pediculis,
1639 1574 1854 1611 encomium
1868 1583 2020 1617 canens;
2047 1574 2092 1611 &
2105 1573 2220 1611 mani-

982 1632 1051 1671 bus
1063 1633 1177 1671 volvo
1187 1628 1364 1681 ſcriptum
1372 1631 1625 1679 germanicum
1634 1630 1736 1683 typis
1750 1627 1968 1680 evulgatum
1968 1627 2032 1679 w).
2062 1629 2117 1667 De
2131 1638 2218 1677 pau-

975 1692 1130 1742 peribus
1142 1693 1180 1732 in
1188 1692 1354 1733 Peruano
1367 1693 1402 1733 &
1416 1684 1612 1731 Mexicano
1621 1691 1745 1743 regnis
1758 1700 2014 1731 NIEREMBERG
2023 1694 2217 1734 memorat,

982 1751 1083 1795 quod
1097 1761 1203 1798 reges
1217 1749 1261 1784 ab
1274 1749 1358 1800 ipſis
1372 1751 1565 1799 pediculos
1575 1747 1659 1786 loco
1666 1746 1794 1787 tributi
1815 1742 1996 1801 ſumerent,
2016 1745 2095 1795 quod
2115 1744 2214 1785 aliud

974 1822 1058 1851 non
1066 1812 1253 1852 haberent.
1274 1809 1431 1856 Bancani,
1445 1814 1518 1864 gens
1538 1808 1576 1847 in
1586 1822 1705 1863 regno
1713 1809 1827 1849 Indiæ
1837 1810 1970 1851 nolunt
1975 1810 2106 1850 animal
2115 1809 2212 1847 occi-

2116 1864 2215 1914 dere,

1077 2032 1101 2067 t)
1120 2018 1279 2061 PAULINI
1292 2028 1383 2061 faſcie.
1394 2028 1462 2060 Obſ
1477 2029 1612 2074 XVIII.

1074 2092 1110 2124 u)
1135 2088 1264 2114 FRISCH
1281 2088 1300 2116 l.
1312 2092 1338 2112 c.
1356 2082 1388 2115 V.
1411 2101 1486 2124 Theil
1497 2101 1566 2126 Tab.
1579 2105 1635 2125 XX
1648 2091 1782 2120 fliegende
1795 2093 1890 2123 Pferde
1901 2091 1964 2115 oder
1975 2096 2144 2131 Vieh-Laus.

1066 2153 1104 2198 v)
1124 2150 1189 2176 Dan
1210 2132 1393 2175 HEINISIVS
1403 2135 1516 2173 oration
1529 2132 1807 2187 XXXV.admirand.
1812 2159 1901 2186 rerum
1918 2144 2117 2186 admirabilium
2135 2157 2213 2181 p.134

1072 2228 1109 2262 w)
1132 2222 1222 2262 luſtige
1233 2223 1290 2251 und
1302 2221 1550 2254 zeitverkürtzende
1567 2221 1740 2262 Curioſitäten
1757 2224 1786 2253 in
1793 2226 1869 2262 einer
1886 2220 2041 2265 Lobſchrifft
2061 2221 2109 2256 der
2129 2223 2215 2261 Läuſe

1133 2275 1217 2298 denen
1237 2272 1362 2297 Soldaten
1389 2277 1426 2295 zu
1449 2275 1533 2301 eiuem
1558 2268 1706 2308 tröſtlichen
1729 2264 1882 2307 Neu-Jahr.
1895 2269 2028 2309 Geſchenck
2047 2272 2118 2306 1679
2131 2276 2160 2295 in
2175 2282 2201 2296 4.

1056 2346 1106 2382 x)
1127 2342 1385 2388 NIEREMBERG.
1401 2340 1470 2370 Hiſt.
1487 2341 1556 2372 Nat.
1583 2336 1648 2375 Lib.
1673 2355 1789 2374 VIll.
