2394 2847
1318 581 1357 624 §.
1418 584 1473 624 X.

846 652 1061 696 Nobilibus
1075 660 1237 705 quoque
1257 650 1287 691 i)
1315 652 1362 693 ad
1375 655 1577 708 proprium
1595 664 1635 697 et
1654 654 1817 698 familiac
1842 656 1930 698 ſuae
1955 656 2065 700 vſum

731 726 924 773 priuatum
941 723 1008 763 ſeu
1032 717 1238 762 menſalem
1259 720 1298 760 k)
1318 735 1438 776 germ.
1461 730 1541 778 zum
1564 721 1810 780 Tiſchtrunck,
1846 724 2069 769 cereuiſiam

732 796 920 841 coquere,
955 791 1064 836 leges
1081 792 1289 827 Saxonicae
1315 790 1557 842 permittunt.
1573 779 1623 832 I)
1680 790 1822 832 Eadem
1841 791 1938 847 olim
1960 790 2066 833 cleri-

732 879 870 902 corum
887 877 966 902 erat
982 862 1146 905 libertas.
1169 865 1211 907 m)
1270 866 1344 905 Sed
1363 866 1455 906 cum
1472 867 1659 908 Saxoniae
1680 864 1877 909 Electores
1903 866 2073 910 animad-

731 935 948 977 uerterent,
986 936 1194 970 nonnullos
1220 937 1454 971 clericorum
1483 934 1547 969 illa
1565 939 1605 969 in
1618 938 1727 988 peius
1744 935 1826 981 vti,
1852 934 1899 972 ad
1914 923 2066 974 certum

730 1010 924 1051 doliorum
943 1022 1149 1049 numerum
1174 1010 1250 1050 hoc
1280 1011 1339 1054 ius
1367 1011 1659 1065 reſtrinxerunt,
1681 1011 1725 1052 n)
1745 1018 1864 1068 quem
1888 1022 2064 1056 accurate

727 1088 877 1133 ſeruare
895 1099 1084 1132 tenentur.
1111 1092 1151 1132 o)

1926 1157 1963 1205 §.
1992 1159 2059 1198 XI.

765 1219 792 1254 i)
809 1218 843 1247 lis
865 1214 982 1250 ſcilicet,
1000 1214 1051 1253 qui
1071 1213 1218 1254 praedium
1241 1215 1383 1258 poſſident
1407 1215 1552 1257 equeſtre,
1573 1219 1622 1254 ein
1643 1217 1877 1259 Ritter⸗Guth.

770 1273 800 1302 k)
831 1273 926 1301 Quem
949 1270 1073 1291 familiae
1102 1278 1204 1301 potum
1232 1270 1268 1294 ad
1300 1267 1437 1304 opificum
1468 1266 1649 1306 aliorumque
1674 1265 1869 1306 operariorum
1896 1266 1978 1299 vſum
2001 1272 2063 1300 non

812 1328 869 1368 eſſe
897 1321 1115 1347 extendendum
1148 1320 1249 1351 probat
1277 1318 1458 1346 Wernherus
1484 1320 1517 1346 P.
1543 1320 1565 1346 I.
1592 1317 1652 1348 obſ.
1685 1319 1752 1354 186.
1807 1317 1949 1349 Praeterea
1976 1312 2078 1350 etiam

813 1374 896 1412 leges
914 1373 1069 1403 Saxonicae
1094 1372 1129 1403 ab
1151 1373 1203 1404 hac
1221 1373 1353 1406 cereuiſia
1374 1373 1539 1410 diſcernunt
1558 1377 1612 1409 den
1629 1374 1883 1417 Ehren⸗Trunck.
1906 1379 1963 1410 vid.
1977 1378 2061 1412 Man-

816 1435 914 1466 datum
939 1433 966 1466 d.
991 1433 1019 1466 d.
1045 1436 1099 1471 den
1130 1444 1164 1476 19
1202 1434 1266 1468 Oct.
1294 1444 1382 1478 1709.
1408 1437 1440 1469 C.
1466 1440 1503 1472 A.
1529 1438 1594 1474 Vol.
1624 1438 1643 1467 I.
1666 1446 1731 1479 pag.
1750 1440 1813 1476 883

767 1492 800 1540 l)
832 1490 975 1532 Eaedem,
1002 1498 1070 1526 quas
1099 1487 1180 1517 ſupra
1206 1489 1223 1536 §.
1257 1495 1283 1537 9.
1310 1497 1371 1530 not.
1396 1488 1424 1517 e)
1444 1487 1581 1516 adduxi,
1608 1484 1708 1520 quibus
1733 1480 1804 1515 adde
1826 1478 1992 1522 Erklaͤrung
2005 1472 2065 1519 des

808 1545 1055 1579 Trank⸗Steuer
1077 1542 1309 1583 Ausſchreibens
1330 1550 1401 1574 vom
1428 1553 1478 1574 20.
1500 1544 1563 1584 Jan.
1593 1551 1682 1584 1703.
1707 1552 1731 1576 c.
1759 1552 1804 1577 10.
1826 1545 1861 1577 C.
1884 1549 1922 1580 A.
1944 1545 2013 1580 Vol.
2026 1548 2063 1580 II.

810 1612 877 1645 pag.
902 1610 980 1645 1573.
1014 1613 1042 1636 et
1064 1611 1135 1643 vom
1161 1609 1208 1640 16.
1230 1608 1295 1648 Jan.
1321 1615 1407 1647 1747.
1431 1607 1496 1640 eod.
1519 1616 1578 1648 cap.

769 1659 814 1694 m)
832 1650 1140 1699 Kirchen⸗Ordnung
1161 1654 1211 1685 ſub
1234 1656 1332 1687 titulo:
1358 1662 1429 1692 vom
1456 1654 1689 1690 Immunitatibus
1709 1659 1769 1692 und
1788 1657 1963 1701 Freyheiten
1979 1660 2061 1696 derer

810 1710 1319 1765 Kirchen⸗und Schul⸗Diener,
1343 1718 1365 1749 C
1396 1721 1433 1762 A.
1457 1720 1523 1750 Vol.
1547 1719 1568 1750 I.
1591 1726 1657 1759 pag.
1682 1724 1751 1757 535.

769 1767 803 1804 n)
823 1766 1007 1801 Erledigung
1030 1767 1110 1798 derer
1129 1758 1461 1813 Landes⸗Gebrechen
1470 1763 1507 1809 de
1520 1776 1598 1799 anno
1624 1769 1698 1801 1661
1731 1767 1784 1802 ſub
1798 1769 1910 1802 titulo:
1938 1776 1999 1803 von
2021 1768 2061 1812 J.

810 1819 855 1844 S.
879 1818 904 1845 §.
930 1820 993 1837 120.
1018 1816 1052 1837 C.
1078 1818 1115 1839 A.
1142 1819 1206 1839 Vol.
1231 1819 1251 1838 1.
1275 1826 1332 1848 pag
1363 1826 1433 1848 254.
1460 1817 1490 1842 it.
1517 1814 1685 1851 Erklaͤrung
1707 1814 1760 1847 des
1788 1811 2062 1853 Tranck⸗Steuer⸗

812 1870 1045 1912 Ausſchreibens
1075 1876 1145 1907 vom
1168 1882 1208 1905 20.
1240 1873 1295 1914 Jan.
1317 1870 1418 1915 1703.
1439 1884 1462 1905 e.
1490 1884 1535 1908 11.
1561 1878 1594 1910 C.
1621 1881 1649 1911 A
1679 1880 1746 1910 Vol.
1773 1877 1807 1904 II.
1830 1885 1895 1919 pag.
1922 1882 2000 1915 1574
2032 1885 2064 1912 et

808 1934 880 1948 vom
894 1927 937 1948 16.
947 1927 1009 1955 Jan.
1022 1934 1109 1956 1747.
1119 1927 1185 1948 eod.
1194 1934 1243 1956 cap
1261 1925 1366 1959 quibus
1375 1928 1446 1952 adde
1458 1922 1590 1953 mandata
1600 1927 1671 1952 vom
1683 1925 1697 1951 8
1710 1920 1772 1959 Jan.
1786 1928 1908 1965 1724er
1919 1925 1966 1960 19.
1979 1920 2057 1957 Febr.

804 1988 884 2015 1724.
939 1980 1131 2016 Quantitatem
1156 1979 1242 2015 ipſam
1267 1990 1363 2008 autem
1387 1979 1558 2008 determinat
1578 1976 1745 2013 mandatum
1755 1984 1808 2020 Jo.
1824 1976 1924 2022 Georg
1949 1981 1969 2013 I.
1984 1981 2011 2014 d.
2027 1982 2058 2016 d.

808 2039 863 2062 den
890 2038 918 2064 9.
947 2037 1025 2058 Nov.
1054 2033 1152 2065 1646.
1173 2032 1207 2059 C.
1232 2036 1269 2061 A.
1281 2033 1366 2060 Vol.
1392 2031 1425 2059 Il.
1455 2036 1520 2068 pag.
1547 2034 1634 2073 1439.
1667 2031 1790 2066 docens,
1819 2030 1877 2074 daß
1906 2034 1974 2070 ſtatt
2002 2035 2056 2072 des

807 2089 1002 2123 allgemeinen
1031 2083 1254 2123 Tiſchtrunkes,
1292 2084 1352 2117 und
1381 2072 1469 2124 zwar
1506 2089 1598 2122 denen
1636 2083 1935 2125 Superintendenten
1972 2086 2056 2126 acht,

806 2151 898 2175 denen
925 2144 1084 2173 Paſtoribus
1113 2145 1174 2176 und
1203 2142 1447 2177 Archi - Diaconis
1474 2148 1505 2179 in
1530 2142 1640 2185 grõſen
1670 2145 1813 2186 Staͤdten,
1835 2146 1930 2186 ſechs,
1959 2149 2051 2184 denen

807 2200 930 2230 uͤbrigen
951 2200 1148 2239 Sacerdotibus
1169 2200 1228 2227 und
1254 2195 1385 2227 Diaconis
1408 2197 1492 2232 fuͤnf,
1514 2199 1605 2231 denen
1628 2197 1793 2230 Rectoribus
1823 2197 1882 2231 und
1912 2198 2054 2233 Con-Re-

806 2254 931 2292 ctoribus
952 2259 1032 2280 vier,
1053 2257 1144 2278 denen
1168 2250 1290 2283 uͤbrigen
1314 2247 1584 2288 Schul⸗Collegen
1606 2254 1667 2280 und
1688 2246 1859 2290 Organiſten
1874 2256 1904 2281 in
1918 2246 2058 2288 Staͤdten

806 2310 895 2334 drey,
918 2308 1008 2330 deuen
1033 2306 1154 2358 Kuͤſtern
1182 2306 1243 2333 und
1267 2302 1498 2356 Schulmeiſtern
1520 2312 1574 2339 auf
1597 2309 1691 2337 denen
1716 2292 1859 2343 Doͤrffern
1882 2299 1952 2334 aber
1974 2298 2054 2346 zwey

803 2372 870 2414 Faß
893 2370 1071 2412 Steuerfrey
1095 2373 1210 2414 paſſiren
1236 2370 1318 2409 ſollen.

767 2422 804 2454 o)
833 2420 910 2442 Hinc
938 2422 1041 2448 Clerici
1068 2419 1259 2457 Thuringici,
1290 2427 1358 2446 cum
1388 2411 1551 2450 humillime
1575 2428 1592 2449 a
1615 2417 1743 2459 Principe
1765 2414 1906 2459 petiiſſent
1925 2419 2054 2456 veniam,
