2144 2418
498 206 587 251 ȣ͘τος
601 205 657 257 την
672 205 812 246 ἀγνοίαν
836 202 951 253 ἀυτὡν,
968 204 1128 259 ὀιϰτειϱων
1146 207 1200 257 της
1215 208 1383 254 ἀμαϑιας
1394 207 1446 259 την
1461 204 1600 259 ἀγνοίαν
1607 215 1734 250 ἀυτων,
1746 219 1821 259 pro-

497 257 579 308 pter
591 262 785 309 ignorantiae
800 262 870 310 ſuae
881 261 1033 310 inſcitiam
1048 261 1098 296 ad
1107 263 1348 307 miſericordiam
1364 273 1541 299 commotus.
1567 261 1659 301 Hinc
1675 271 1711 300 et
1726 271 1819 300 com-

508 310 668 367 poſitum,
685 309 927 364 ϰατοιϰτειϱειν,
947 314 1072 353 eodem
1089 315 1193 355 ſenſu
1215 315 1365 367 vſurpat
1390 314 1619 362 Ariſtoteles,
1642 315 1728 368 ῥητ.
1736 319 1764 366 B.
1781 325 1815 363 P.

500 376 551 403 m.
569 376 625 415 95.
632 376 742 419 ἐχινον
757 363 787 405 δ.
805 373 867 406 πλ.
884 368 926 410 ὡς
943 363 1021 407 ϵἰδεν
1038 369 1154 415 ἀυτην,
1177 368 1312 408 ſcilicet
1338 368 1525 412 ἀλωπεϰα,
1541 382 1817 417 ϰατ.ικτειϱαντα

507 416 645 465 ἐϱωταν,
668 430 698 450 ϰ.
710 416 736 462 τ.
753 422 785 459 λ.
813 418 953 454 echinum
975 428 1094 459 autem,
1119 430 1172 461 ea,
1196 417 1307 468 vulpe
1323 418 1499 462 nimirum,
1515 419 1681 467 conſpeƈta,
1701 421 1822 463 miſeri-

506 465 618 505 cordia
631 470 779 518 aduerſus
794 483 864 509 eam
878 471 1026 518 affectum
1039 471 1249 518 interrogaſſe.
1296 470 1489 521 Sophocles
1507 473 1545 509 in
1561 473 1674 510 Aiace
1688 469 1818 521 flagell.

507 535 541 561 v.
560 536 631 574 510
646 526 712 563 ait:

611 571 750 622 ὀιϰτειϱἐ
763 589 802 614 d,
834 574 863 609 ὠ
877 568 973 619 ʹναξ,
1000 568 1107 611 παιδα
1122 574 1172 616 τον
1194 585 1273 612 σον,
1297 584 1329 609 ϰ.
1351 574 1374 618 τ.
1393 578 1426 610 λ.
1450 574 1484 609 h.
1502 583 1532 609 e.
1562 574 1725 620 miſerare,
1751 584 1821 616 rex,

507 636 597 661 tuum
613 628 737 674 filium,
770 637 837 665 cet.
913 629 985 667 Cui
1008 627 1088 666 loco
1120 627 1290 666 ſexcenta
1313 628 1382 666 alia
1405 640 1451 666 ex
1475 627 1544 665 hoc
1568 628 1644 681 ipſo
1670 627 1821 677 tragico,

493 680 690 720 Aeſchylo
705 681 808 727 item,
835 679 1009 732 Euripide
1025 679 1175 731 aliisque
1200 680 1396 729 adiùngere
1411 679 1560 734 poſſem,
1586 685 1609 719 ſi
1630 694 1686 718 res
1703 678 1820 734 poſtu-

505 730 613 774 laret,
631 724 672 768 et
696 730 883 781 quisquam
905 731 951 769 de
975 730 1075 772 huius
1097 727 1199 778 vocis
1222 729 1422 781 ſignificatu
1438 731 1628 771 dubitaret.
1706 735 1819 770 Acce-

507 783 577 827 dit,
605 781 702 835 quod
724 784 883 828 nomina,
919 783 1003 822 inde
1029 782 1152 829 duƈta,
1187 784 1334 822 eandem
1358 783 1503 825 ſeruant
1522 783 1748 835 poteſtatem,
1775 794 1818 821 vt

507 829 704 875 ὀιϰτιϱμων,
744 834 934 878 miſericors,
973 831 1159 880 ὀιϰτιϱμος,
1205 832 1433 878 miſericordia,
1474 841 1542 870 cet.
1615 833 1752 871 Contra
1783 831 1818 881 Ϳo

510 882 640 935 ὀιϰτιζω
660 885 806 926 videtur
821 886 888 924 eſſe
904 894 1158 936 nonnunquam
1191 884 1442 930 μεταβατιϰον,
1468 884 1574 938 plane
1590 884 1654 933 ſic,
1684 896 1724 925 vt
1740 886 1818 925 ὀιϰι-

511 927 585 982 ζω,
607 932 769 981 adeoque
792 933 1009 981 ſignificare,
1046 937 1287 981 miſericordiam
1310 939 1343 970 in
1363 939 1471 983 aliquo
1493 940 1613 979 excito,
1647 945 1818 971 commoueo

511 988 652 1031 aliquem
663 988 711 1019 ad
723 989 982 1032 miſericordiam,
1005 987 1115 1033 facio,
1144 997 1183 1022 vt
1205 988 1323 1034 aliquis
1337 989 1520 1035 miſereſcat.
1609 987 1717 1036 Quod
1732 997 1820 1036 quo-

502 1030 604 1069 niam
620 1033 656 1072 in
669 1032 795 1073 lexicis
812 1032 1016 1080 vulgaribus
1029 1047 1103 1083 non
1116 1037 1200 1072 ſatis
1214 1037 1377 1078 docetur,
1385 1045 1494 1085 atque
1510 1035 1683 1084 exemplis
1691 1038 1819 1086 proba-

511 1092 594 1126 tur,
604 1076 787 1129 faciendum
815 1084 885 1120 eſſe
899 1084 1073 1135 arbitror,
1087 1094 1146 1136 vt,
1162 1092 1336 1121 quantum
1349 1089 1432 1121 fieri
1447 1089 1573 1135 poteſt,
1599 1087 1691 1122 hanc
1705 1095 1819 1121 meam

507 1133 722 1173 ſententiam
744 1134 930 1172 auƈtorum
943 1132 1065 1183 verbis
1079 1129 1247 1186 ſtabiliam
1265 1146 1308 1171 ac
1321 1133 1541 1175 confirmem.
1592 1135 1766 1184 Equidem
1780 1136 1819 1173 in

512 1181 685 1236 Scapulae
700 1181 817 1222 lexico
838 1183 930 1221 haec
945 1185 1105 1235 reperio:
1130 1193 1326 1228 „oratores
1348 1193 1468 1223 autem
1484 1181 1682 1236 ὀιϰτιζεϑα
1697 1186 1819 1224 dicun-

515 1239 645 1277 „tur,
667 1239 779 1281 quum
802 1240 837 1274 et
862 1231 926 1286 ipſi
940 1244 1043 1272 reum
1057 1234 1290 1276 miſerantur,
1315 1240 1352 1272 et
1366 1235 1442 1281 ipſos
1455 1235 1572 1271 indices
1600 1237 1654 1272 vel
1667 1238 1819 1280 lacrimis,

515 1282 621 1325 „vel
631 1281 858 1331 ὀιϰτϱολογια,
874 1282 922 1316 ad
931 1292 1001 1318 eum
1016 1284 1289 1328 commiſerandum
1295 1294 1490 1331 permouent,
1506 1284 1637 1324 Athen.
1653 1288 1709 1328 lib.
1723 1297 1819 1343 13 :“

514 1331 577 1371 ſed
600 1332 767 1384 quoniam
782 1323 879 1373 hunc
893 1331 1105 1383 ſcriptorem
1119 1332 1163 1370 ad
1179 1342 1303 1371 manus
1316 1345 1388 1371 non
1405 1332 1529 1379 habeo,
1544 1338 1704 1388 adeoque
1720 1346 1820 1383 igno-

514 1399 569 1432 ro,
576 1398 621 1422 an
632 1385 805 1442 Scapulae
817 1386 891 1425 fide
905 1386 1176 1442 teſtimonioque
1183 1385 1341 1426 ſtandum
1349 1388 1403 1434 ſit,
1414 1399 1482 1428 nec
1495 1400 1558 1428 ne:
1583 1393 1652 1426 alia
1666 1397 1818 1439 congeſſi

515 1436 606 1482 loca,
614 1446 717 1486 quae,
734 1436 831 1487 quod
849 1437 934 1484 dixi,
946 1434 1160 1480 confirmare
1173 1438 1352 1480 videntur.
1385 1440 1577 1493 Sophocles
1592 1446 1680 1479 Oed.
1695 1454 1768 1492 tyr.
1783 1459 1818 1479 v.

516 1496 615 1535 1318
632 1487 681 1542 ſq.
697 1498 837 1528 certum
852 1490 1028 1540 quendam
1041 1491 1205 1531 nuntium
1220 1492 1454 1531 pronuntiare
1468 1492 1572 1543 fingit
1588 1496 1677 1542 haec
1691 1499 1819 1544 verba:

781 1558 833 1570 —
857 1557 911 1568 —
935 1537 1064 1583 ϑεαμα
1087 1533 1119 1577 δ’
1136 1531 1269 1589 ϵἰσοψει
1287 1536 1386 1584 ταχα

782 1599 932 1632 Τοιȣτον,
960 1587 1021 1634 ὁιον
1046 1602 1100 1632 ϰαι
1111 1589 1264 1641 ζυγȣντʹ
1288 1601 1486 1637 ἐποιϰτισαί

516 1646 551 1685 h.
567 1657 596 1684 e.
623 1658 696 1681 mox
711 1655 817 1682 autem
833 1646 981 1683 eiusmodi
996 1646 1117 1683 videbis
1134 1646 1365 1696 ſpectaculum,
1388 1647 1476 1698 quod
1496 1649 1553 1684 vel
1560 1651 1595 1686 in
1608 1648 1689 1698 hoſte
1704 1651 1823 1697 miſeri-

514 1698 656 1734 cordiam
684 1708 830 1741 moueat,
863 1695 948 1742 ſeu,
979 1697 1090 1745 hoſtem
1113 1701 1211 1736 etiam
1238 1697 1286 1734 ad
1306 1700 1546 1747 miſericordiam
1553 1709 1571 1758 |
1581 1704 1698 1748 flectere
1727 1709 1821 1749 poſſit.

513 1753 621 1792 Vnde
642 1762 810 1805 apparet,
836 1751 869 1800 το
891 1753 1084 1797 ἐποιϰτισαι
1119 1753 1154 1792 h.
1170 1754 1192 1796 I.
1207 1754 1372 1806 vſurpari
1387 1755 1489 1796 ſenſu
1517 1755 1661 1795 diuerſo
1694 1760 1738 1796 ab
1760 1773 1821 1800 eo,

512 1816 619 1863 quem
648 1804 682 1849 τo
706 1800 857 1858 ὀιϰτειϱαι
896 1805 1029 1845 habere
1052 1805 1161 1859 ſupra
1182 1808 1346 1848 vidimus.
1396 1807 1490 1848 Idem
1506 1812 1663 1859 tragicus
1678 1815 1715 1850 in
1732 1824 1820 1858 Oed.

514 1860 591 1899 Col.
611 1869 647 1896 v.
671 1868 766 1907 474,
793 1859 944 1898 chorum
965 1860 1015 1901 ita
1028 1859 1126 1900 iubet
1150 1860 1285 1913 alloqui
1298 1860 1494 1910 Oedipum:

715 1910 863 1957 Επαξιος
886 1921 943 1949 μεν
968 1910 1107 1950 Oιὃιπȣς
1131 1920 1366 1955 ϰατοιϰτισαι,

511 1968 545 2011 h.
557 1980 586 2008 e.
615 1967 753 2017 Oedipus
759 1969 840 2015 ſane
854 1968 981 2016 dignus,
1001 1964 1021 2002 i.
1037 1977 1066 2003 e.
1082 1977 1232 2020 propter
1246 1963 1330 2015 fata,
1344 1979 1410 2021 per
1423 1967 1626 2024 Apollinem
1643 1968 1708 2027 ipſi
1723 1967 1826 2019 ſigni-

510 2017 630 2063 ficata,
648 2024 720 2054 tam
736 2014 853 2061 miſer,
875 2018 930 2065 eſt,
952 2026 991 2052 vt
1006 2017 1244 2066 miſericordiam
1263 2029 1339 2065 erga
1343 2021 1381 2064 ſe
1397 2023 1525 2071 aliorum
1542 2031 1686 2077 excitare
1703 2035 1826 2065 debeat.

510 2079 558 2123 Et
573 2074 687 2123 infra,
720 2086 755 2114 v.
767 2085 861 2126 1345
876 2072 954 2129 ſqq.
970 2074 1152 2128 Antigone
1166 2079 1255 2120 haec
1273 2077 1379 2122 dicit:

1739 2130 1825 2186 Λϲο,
