2409 3096
1478 555 1544 611 16

807 661 915 710 noſtra
930 660 1029 712 ſtirps
1052 661 1182 696 dicitur.
1231 659 1328 705 Quod
1354 672 1457 695 autem
1473 657 1623 705 ſucceſſio
1652 662 1691 695 in
1715 658 1817 696 locum
1834 659 1969 706 patris,
1992 658 2076 695 idem
2092 655 2197 707 ſigni-

807 717 894 761 ficet,
920 728 957 751 ac
973 717 1011 750 in
1033 717 1107 750 iura
1123 717 1273 761 parentis
1293 710 1438 765 defuncti
1445 714 1627 759 ſuccedere,
1655 715 1719 760 ipſe
1741 714 2005 751 IVTINIANVS
2024 713 2111 758 ſatis
2120 719 2199 761 pro-

809 777 889 818 bat,
916 775 991 811 dum
1007 774 1183 820 promiſcue
1206 776 1314 811 vtitur
1328 773 1524 823 phraſibus:
1549 774 1646 812 liberi
1666 775 1706 809 in
1725 772 1829 811 locum
1844 771 1901 815 ſui
1922 774 2076 817 parentis
2092 772 2201 818 ſucce-

810 833 920 881 dunt,
945 840 975 868 et
989 832 1085 866 liberi
1100 832 1277 876 ſuccedunt
1298 834 1336 867 in
1363 832 1437 867 iura
1454 829 1509 873 ſui
1525 832 1699 880 parentis.
1750 831 1806 869 Sic
1826 830 1912 866 enim
1940 832 1981 863 in
2004 832 2048 865 cit
2067 839 2105 868 la
2128 830 2201 869 No-

808 889 897 923 vella
917 892 990 925 118.
1017 896 1041 919 c.
1064 895 1094 926 3.
1125 885 1161 920 de
1181 889 1250 921 iure
1265 885 1460 932 ſuccedendi
1486 888 1525 921 in
1543 885 1645 919 locum
1659 887 1814 935 parentis
1834 886 1979 923 dicitur:
2004 883 2199 923 Huiusmodi

802 949 1010 996 priuilegium
1025 945 1106 990 ſolis
1119 948 1308 992 praebemus
1323 947 1480 993 fratrum
1506 946 1718 991 maſculorum
1751 953 1781 986 et
1793 947 2020 990 foeminarum
2036 944 2125 990 filiis
2144 951 2201 981 aut

801 1008 960 1055 filiabus,
985 1012 1021 1040 ut
1039 1005 1078 1037 in
1091 1004 1222 1049 ſuorum
1243 1013 1419 1053 parentum
1446 1005 1522 1039 iura
1536 1003 1722 1049 ſuccedant.
1770 1002 1844 1049 Qui
1866 1011 1975 1039 autem
1999 1003 2034 1036 in
2039 1002 2155 1042 locum
2171 1009 2201 1043 et

808 1070 885 1100 iura
911 1065 1048 1102 alterius
1060 1061 1213 1106 ſuccedit,
1239 1067 1277 1097 in
1298 1075 1366 1100 eum
1384 1063 1461 1096 iura
1482 1060 1620 1099 alterius
1633 1062 1715 1106 ſunt
1736 1060 1939 1108 transmiſſa.
1987 1061 2081 1096 Hinc
2106 1068 2207 1107 nepe-

810 1139 871 1167 tes,
894 1136 926 1159 et
942 1127 997 1173 qui
1010 1135 1047 1158 ex
1061 1123 1118 1161 his
1132 1124 1341 1169 deſcendunt,
1368 1134 1426 1159 auo
1438 1124 1612 1169 auiaeque,
1633 1121 1773 1172 aliisque
1790 1119 2077 1172 adſcendentibus,
2095 1123 2201 1168 ſucce-

811 1188 896 1220 dunt
914 1195 954 1219 ex
979 1186 1049 1218 iure
1063 1182 1257 1227 ſuccedendi
1275 1195 1298 1217 a
1318 1188 1457 1230 parente
1483 1178 1707 1227 transmiſſo.
1730 1182 1784 1219 Ne
1802 1191 1879 1218 vero
1897 1181 2076 1228 quempiam
2095 1180 2200 1226 offen-

808 1247 868 1276 dat
886 1240 1076 1276 vocabulum
1108 1236 1339 1285 transmiſſio,
1380 1249 1493 1276 moneo
1519 1239 1616 1276 ICtos
1642 1230 1808 1278 Romanos
1833 1235 2091 1274 translationem
2113 1236 2207 1271 iuris

795 1303 996 1349 ſuccedendi
1019 1304 1058 1334 in
1075 1301 1215 1346 gradum
1233 1302 1432 1338 remotiorem
1456 1297 1739 1345 transmiſſionem
1754 1298 1848 1336 haud
1870 1309 1949 1337 raro
1968 1309 2097 1335 vocare.
2146 1298 2201 1333 Sic

807 1364 896 1397 enim
917 1361 1131 1397 VLPIANVS
1156 1360 1206 1403 i),
1224 1357 1392 1403 poſtquam
1409 1362 1447 1393 de
1464 1362 1753 1400 deſcendentium
1755 1358 1949 1398 ſucceſſione
1972 1360 2095 1403 dixit,
2098 1364 2204 1401 nepo-

809 1424 871 1447 tem
899 1419 938 1445 in
963 1417 1066 1444 locum
1080 1412 1136 1451 ſui
1153 1410 1305 1454 parentis
1321 1406 1511 1455 ſuccedere,
1550 1407 1588 1446 de
1613 1404 1851 1446 collateralium
1870 1404 2064 1453 ſucceſſione
2086 1406 2203 1443 addit:

808 1468 931 1518 Quodſi
952 1480 1048 1505 nemo
1066 1479 1174 1503 eorum
1201 1467 1308 1513 adeat,
1334 1468 1377 1510 ad
1393 1467 1610 1517 inſequentem
1633 1466 1773 1514 gradum
1789 1462 1834 1507 ex
1854 1465 1918 1514 lege
1937 1465 2109 1504 hereditas
2129 1478 2213 1508 non

807 1533 1079 1573 transmittitur,
1106 1527 1260 1577 quoniam
1281 1528 1319 1564 in
1336 1526 1490 1575 legitimis
1506 1525 1743 1566 hereditatibus
1756 1522 1907 1576 ſucceſſio
1921 1538 1993 1562 non
2015 1524 2065 1574 eſt.

948 1635 1062 1680 Quod
1085 1638 1241 1679 nepotes
1262 1643 1311 1667 ex
1332 1632 1409 1672 iure
1427 1640 1446 1664 a
1469 1633 1676 1675 parentibus
1691 1628 1894 1671 transmiſſo
1905 1634 1945 1668 in
1959 1633 2079 1667 locum
2093 1631 2205 1673 patris

810 1695 1031 1743 ſuccedant,
1053 1694 1161 1729 etiam
1177 1697 1230 1733 ex
1253 1689 1330 1728 iure
1355 1681 1576 1710 Germaniae
1595 1683 1749 1713 antiquo
1774 1690 1809 1708 et
1836 1678 1977 1714 medio,
2013 1676 2072 1706 vti
2089 1682 2130 1707 et
2149 1668 2209 1710 re-

814 1747 1036 1791 centioribus
1052 1734 1271 1769 Germaniae
1294 1738 1426 1768 iuribus
1445 1734 1599 1768 deducit
1631 1726 1925 1771 HELLFELDIVS
1947 1732 1970 1764 I.
1998 1730 2056 1764 cit.
2080 1740 2115 1766 et
2138 1729 2211 1787 du_

812 1810 899 1837 biis,
926 1812 1018 1840 quae
1040 1793 1230 1832 obmoueri
1255 1790 1415 1838 poſſent,
1447 1803 1495 1828 ex
1518 1791 1586 1829 aſſe
1606 1790 1794 1838 ſatisfacit,
1831 1790 1997 1836 quorſum
2015 1789 2201 1830 breuitatis

807 1866 929 1900 ſtudio
955 1864 1123 1901 lectorem
1140 1860 1353 1899 beneuolum
1376 1858 1510 1906 ablego.

945 1967 1087 2014 Quodſi
1116 1966 1219 2010 igitur
1246 1971 1397 2008 nepotes
1417 1973 1466 1999 ex
1485 1963 1562 2000 iure
1589 1974 1610 2000 a
1632 1964 1839 2013 parentibus
1863 1964 2063 2001 transmiſſo
2079 1959 2207 2000 ſucce-

809 2028 921 2064 dant,
954 2029 993 2054 et
1014 2026 1142 2056 natura
1168 2015 1437 2057 transmiſſionis
1468 2018 1535 2062 ſit,
1573 2025 1618 2052 vt
1640 2027 1747 2053 nemo
1768 2018 1844 2062 plus
1876 2017 1961 2054 iuris
1989 2016 2026 2052 in
2051 2008 2208 2054 alterum

810 2086 1050 2120 transmittere
1077 2087 1207 2124 queat,
1244 2091 1347 2125 quam
1372 2079 1445 2128 ipſe
1467 2082 1598 2122 habet;
1626 2081 1804 2125 ſequitur,
1843 2087 1982 2125 patrem
1997 2082 2055 2116 ius
2077 2082 2206 2117 ſucce-

814 2142 928 2176 dendi
948 2138 1086 2177 nonniſi
1109 2141 1144 2175 in
1162 2152 1238 2175 eam
1259 2139 1468 2175 hereditatis
1491 2140 1716 2182 portionem,
1742 2133 1851 2182 quam
1866 2139 1972 2174 viuus
1986 2144 2204 2180 accepturus

811 2194 954 2238 fuiſſet,
977 2199 1013 2230 in
1034 2203 1202 2238 nepotes,
1226 2199 1539 2239 pronepotesque,
1562 2198 1742 2235 quotquot
1764 2201 1890 2230 eorum
1919 2192 2060 2231 adſunt,
2093 2181 2212 2228 trans-

2060 2260 2202 2296 mittere

865 2445 891 2484 i)
911 2445 1062 2479 Fragment.
1085 2448 1143 2475 Tit.
1165 2448 1209 2476 26.
1230 2443 1304 2476 §.5.
