2118 2418
682 250 784 292 ones,
800 238 931 296 paſſim.
950 236 1056 279 obviæ
1085 238 1195 278 valde
1227 236 1388 278 limitant
1408 235 1577 286 regulam
1595 236 1671 276 ſive
1691 233 1922 275 Medicorum

682 292 759 334 ſive
777 293 1020 345 Iperitorum,
1036 304 1077 331 ac
1093 291 1123 329 ſi
1143 303 1241 331 mors
1257 290 1394 328 tardior
1412 294 1541 339 arguat
1562 287 1726 328 vulneris
1754 286 1925 328 illethali-

683 348 812 388 tatem,
834 346 1062 394 derogatque
1082 340 1292 393 authoritati
1319 342 1449 386 horum,
1470 338 1537 390 qui
1553 339 1632 379 aliis
1647 338 1814 390 regulam
1823 338 1927 378 illam

681 395 847 446 ſuadent,
855 405 889 441 ne
901 395 1085 427 fallantur.
1112 384 1380 424 Accedendum
1390 390 1507 434 magis
1521 394 1566 421 ex
1577 392 1735 419 numero
1745 376 1928 431 JCtorum

681 448 824 491 Saliceto,
838 448 942 485 Börio,
962 444 1146 483 Farinacio,
1164 442 1232 495 qui
1251 438 1431 481 referente
1439 440 1566 481 Bohnio,
1573 440 1621 475 l.c.
1627 444 1780 488 p.m.148.
1793 435 1926 487 præſu-

682 498 869 540 mendum
877 492 947 537 eſſe
956 489 1100 531 volunt,
1105 485 1133 532 ſi
1140 488 1225 515 alias
1246 488 1383 531 conſtet,
1398 481 1534 521 vulnus,
1550 494 1610 525 quo
1623 483 1725 512 læſus
1737 483 1854 523 periit,
1865 488 1928 508 ex-

684 548 790 587 titiſſe
803 546 974 585 mortale,
991 544 1224 582 vulneratum
1232 548 1283 582 ex
1292 545 1447 589 vulnere
1465 535 1656 593 deceſſiſſe,
1675 537 1930 591 quandocunq;

683 599 807 639 idem,
829 593 939 632 etiam
952 605 998 630 ex
1017 591 1221 637 intervallo,
1243 589 1442 629 moriatur.
1481 593 1539 629 Ex
1553 589 1686 630 ordine
1695 587 1930 628 Medicorum

686 636 978 678 AMMANNUS
999 635 1147 684 pariter,
1158 634 1224 686 etſi
1242 633 1325 670 velit
1337 646 1357 669 a
1368 637 1545 672 brevitate
1565 633 1715 668 termini
1727 631 1774 666 ad
1789 629 1930 667 Iethali-

688 697 800 728 tatem
819 687 988 728 concludi
1007 686 1123 738 poſſe,
1144 688 1191 724 de
1208 697 1285 736 quo
1303 691 1434 722 antea,
1457 691 1570 733 negat
1589 689 1714 722 tamen
1722 682 1818 720 hanc
1843 693 1932 721 con-

688 738 912 784 cluſionem;
934 738 999 773 Hic
1013 735 1138 774 tardius
1151 739 1287 773 moritur
1297 728 1340 771 ex
1353 733 1493 772 vulnere
1510 736 1618 771 illato:
1641 736 1680 771 E.
1705 731 1788 781 iſtud
1821 731 1935 770 vulnus

687 809 748 834 non
756 797 825 846 fuit
840 796 972 835 lethale.

971 879 1492 952 OBSERVATIO
1511 866 1637 943 III.

800 992 1085 1050 Vulnera
1002 1003 1071 1055 per
1099 991 1139 1034 ſe
1158 990 1329 1036 lethalia
1358 1000 1434 1031 non
1455 980 1630 1047 poſſunt
1645 984 1764 1030 abire
1783 980 1821 1050 in
1835 982 1934 1030 vul-

675 1069 793 1100 nera
804 1054 975 1102 lethalia
992 1068 1073 1112 per
1086 1053 1315 1099 accidens:
1332 1052 1440 1096 bene
1460 1063 1581 1104 vero,
1600 1062 1694 1106 quæ
1710 1050 1844 1094 modo
1855 1060 1935 1107 per

689 1112 890 1159 accidens
909 1109 1081 1168 lethalia
1098 1108 1217 1171 ſunt,
1240 1106 1414 1166 poſſunt
1427 1098 1611 1154 evadere
1626 1106 1846 1161 vulnera,
1882 1103 1937 1147 ad

675 1174 864 1228 Iethalia
894 1173 957 1226 per
976 1179 1016 1218 ſe
1037 1173 1294 1219 referenda:

692 1233 831 1365 Q

831 1233 870 1280 Ui
882 1241 1120 1280 Definitiones
1123 1242 1181 1272 in
1187 1241 1481 1267 præcedentibus
1479 1232 1510 1265 a
1516 1234 1579 1265 me
1594 1241 1719 1260 allatas
1728 1233 1949 1274 ponderare

822 1267 891 1312 &
908 1270 1063 1310 retinere
1083 1267 1251 1321 voluerit,
1275 1267 1394 1307 ſtatim
1403 1267 1489 1305 citra
1523 1278 1653 1306 omnem
1673 1267 1938 1318 hæſitationem

852 1332 1047 1375 ſubſcribet
1068 1330 1151 1372 huic
1153 1328 1435 1377 obſervationi;
1454 1322 1640 1385 ſiquidem
1657 1320 1803 1374 formale
1821 1326 1939 1368 letha-

690 1375 803 1408 litatis
822 1376 980 1406 conſiſtit
999 1376 1041 1406 in
1052 1372 1310 1406 inſufficientia
1326 1372 1406 1415 opis
1417 1366 1571 1409 Medicæ
1583 1377 1631 1398 ad
1648 1371 1808 1399 vulnera
1821 1367 1969 1409 hujus

693 1433 846 1487 generis
862 1434 1023 1478 adhiberi
1040 1432 1184 1483 ſolitæ,
1198 1430 1434 1476 illethalitatis
1440 1435 1579 1478 autem,
1591 1429 1743 1479 quando
1763 1441 1844 1482 quæ
1854 1429 1939 1470 ſub-

694 1485 821 1528 venire
838 1486 1008 1538 potuiſſet
1025 1483 1182 1536 medela,
1192 1485 1253 1525 vel
1261 1474 1455 1536 ſpernitur,
1472 1475 1518 1530 vel
1526 1478 1807 1538 negligitur,
1761 1471 1813 1526 vel
1818 1479 1993 1520 inver-

693 1537 803 1579 titur,
820 1538 875 1578 vel
883 1531 1101 1585 impeditur.
1148 1534 1230 1573 Nec
1247 1538 1374 1571 tamen
1390 1531 1497 1570 adeo
1510 1526 1864 1579 infrequenter
1786 1520 1861 1575 acta
1884 1534 1940 1566 te-

671 1588 832 1614 ſtantur
850 1587 896 1607 de
911 1593 1019 1617 pœna
1040 1581 1222 1607 ordinaria
1246 1577 1417 1606 remiſiſſe
1429 1576 1622 1617 Judicem,
1650 1572 1714 1602 etſi
1726 1572 1866 1601 vulnus
1889 1570 1939 1600 le-

697 1639 794 1677 thale
811 1636 939 1680 fuerit,
965 1632 1127 1682 quando
1137 1632 1176 1671 in
1191 1630 1371 1684 atteſtatis
1394 1625 1532 1678 medicis
1550 1629 1777 1678 allegantur,
1802 1638 1831 1661 v.
1843 1636 1878 1676 g.
1903 1638 1939 1662 o-

694 1687 798 1726 miſſa
821 1686 880 1720 ſub
892 1684 1107 1721 curatione,
1131 1683 1195 1734 vel
1200 1688 1283 1717 non
1298 1675 1513 1732 tempeſtive
1533 1674 1614 1716 ſatis
1639 1674 1804 1715 adhibita
1823 1686 1939 1714 reme-

683 1738 759 1770 dia
772 1732 995 1782 chirurgica,
1015 1735 1079 1771 aut
1095 1725 1409 1778 pharmaceutica;
1429 1725 1672 1766 moderamen
1684 1721 1865 1775 vulnerati
1884 1737 1955 1762 no-

699 1784 816 1832 xium,
826 1781 1049 1824 adſtantium
1067 1783 1210 1819 malum
1219 1777 1462 1822 miniſterium
1477 1783 1541 1822 &c.
1567 1781 1618 1818 Ut
1627 1777 1740 1829 hujus
1757 1778 1995 1818 momenti

696 1842 799 1880 ergo,
809 1836 941 1872 merito
957 1833 1136 1872 exclamet
1151 1831 1279 1873 Illuſtr.
1297 1832 1371 1876 Dn.
1383 1834 1553 1873 STRYK.
1583 1829 1622 1869 in
1639 1829 1819 1877 Program.
1830 1824 1939 1878 ſupra

696 1880 826 1923 citato:
843 1884 977 1931 facilius
983 1882 1047 1932 eſſe,
1056 1881 1246 1921 homicidam
1265 1889 1286 1916 a
1293 1878 1413 1928 gladio,
1430 1887 1528 1929 quam
1542 1876 1569 1927 a
1568 1875 1667 1927 furca
1675 1876 1791 1928 furem
1797 1874 1947 1918 liberare.
