3236 4545
868 1253 929 1283 Eccl.
938 1263 963 1288 7.

872 1510 934 1539 Hier.
942 1513 979 1546 35.

865 1748 971 1796 Malach.
984 1762 1008 1782 2.

866 1949 958 1976 Matth.
971 1954 1006 1982 15.

868 2392 935 2419 loan.
950 2396 975 2425 8.

867 2458 933 2486 Ioan.
942 2457 969 2486 6.

863 2593 943 2624 Epheſ.
949 2595 976 2624 6.

863 2797 939 2830 Coloſſ.
945 2804 968 2830 3.

861 2893 873 2912 1
884 2885 934 2913 Pet.
942 2891 963 2920 5.

885 3292 980 3323 CAP.
1005 3295 1041 3323 II.

856 3437 913 3471 Gen.
925 3444 952 3472 9.

1072 573 1129 606 tris
1132 570 1241 616 firmat
1254 570 1356 606 domos
1355 571 1502 617 filiorum.
1551 570 1728 610 Maledictio
1742 580 1842 604 autem
1855 581 1923 604 ma-

1075 633 1130 653 tris
1152 621 1279 655 eradicat
1291 621 1508 668 fundamenta.
1555 623 1606 655 Ne
1615 620 1753 667 glorieris
1774 621 1806 653 in
1824 629 1924 654 contu-

1074 674 1163 705 melia
1175 675 1276 717 patris
1290 673 1345 706 tui.
1392 675 1464 708 Non
1475 673 1513 718 eſt
1524 673 1604 706 enim
1616 669 1673 707 tibi
1680 668 1789 715 gloria,
1794 669 1853 716 ſed
1859 682 1925 705 con-

1067 725 1154 768 fuſio.
1209 724 1312 757 Gloria
1332 725 1410 757 enim
1431 722 1560 756 hominis
1577 733 1615 755 ex
1635 720 1745 754 honore
1761 722 1860 767 patris
1865 722 1925 766 ſui,

1075 777 1114 811 &
1120 774 1244 809 dedecus
1247 774 1322 818 filiis
1328 784 1418 818 pater
1426 774 1491 819 ſine
1503 774 1626 809 honore.
1647 770 1714 813 Fili,
1720 773 1828 819 ſuſcipe
1839 774 1925 818 ſene-

1079 827 1159 857 ctam
1160 831 1262 868 patris
1268 824 1324 865 tui,
1341 823 1356 870 &
1370 833 1408 856 ne
1419 822 1565 868 contriſtes
1573 832 1641 854 eum
1648 820 1680 853 in
1688 823 1749 856 vita
1762 822 1860 865 illius;
1889 821 1926 857 &

1067 877 1100 920 ſi
1109 876 1247 921 defecerit
1256 875 1366 920 ſenſus,
1379 876 1496 907 veniam
1502 873 1567 917 da;
1589 871 1628 906 &
1639 884 1678 905 ne
1684 871 1806 917 ſpernas
1819 884 1887 907 eum
1893 873 1927 905 in

1073 938 1129 954 tua
1148 928 1266 955 virtute.
1316 923 1502 966 Eleemoſyna
1526 922 1604 954 enim
1620 921 1720 964 patris
1741 932 1802 955 non
1824 922 1882 954 erit
1894 920 1927 953 in

1073 977 1228 1007 oblivione.
1279 976 1366 1006 Nam
1379 985 1438 1017 pro
1448 978 1569 1016 peccato
1576 978 1683 1002 matris
1695 972 1860 1019 reſtituetur
1872 969 1929 1006 tibi

1074 1027 1195 1063 bonum,
1213 1026 1231 1056 &
1261 1027 1293 1055 in
1297 1025 1415 1068 juſtitia
1426 1020 1615 1067 ædificabitur
1622 1019 1686 1055 tibi.
1735 1014 1763 1070 In
1777 1019 1813 1070 die
1813 1018 1928 1055 tribu-

1073 1077 1195 1109 lationis
1221 1075 1515 1117 commemorabitur;
1540 1072 1618 1118 ſicut
1636 1074 1669 1108 in
1681 1073 1787 1119 ſereno
1803 1071 1927 1120 glacies,

1065 1128 1225 1175 ſolventur
1238 1136 1293 1161 tua
1301 1134 1444 1171 peccata:
1469 1126 1544 1172 quia
1557 1125 1640 1159 malæ
1642 1126 1734 1172 famæ
1749 1125 1796 1173 eſt,
1811 1125 1867 1172 qui
1880 1134 1928 1158 re-

1074 1179 1186 1222 linquit
1191 1184 1333 1221 patrem,
1350 1176 1387 1211 &
1394 1178 1430 1225 eſt
1444 1174 1620 1211 maledictus
1640 1176 1653 1209 à
1660 1178 1735 1216 Deo,
1745 1176 1800 1222 qui
1812 1172 1928 1218 exaſpe-

1072 1238 1119 1261 rat
1137 1238 1277 1264 matrem.
1326 1228 1365 1263 Et
1379 1230 1481 1264 item:
1514 1230 1650 1269 Honora,
1672 1226 1789 1271 inquit,
1801 1235 1926 1272 patrem

1072 1284 1170 1317 tuum,
1185 1279 1223 1310 &
1230 1279 1359 1321 gemitus
1372 1278 1480 1310 matris
1502 1283 1556 1309 tuæ
1576 1286 1613 1307 ne
1627 1275 1810 1320 obliviſcaris.
1857 1278 1928 1311 Me-

1070 1338 1171 1359 mento
1184 1338 1330 1371 quoniam
1343 1327 1400 1370 niſi
1405 1336 1464 1371 per
1474 1323 1539 1359 illos
1552 1333 1643 1359 natus
1650 1336 1710 1360 non
1712 1324 1826 1371 fuiſſes,
1849 1326 1863 1361 &
1880 1335 1928 1359 re-

1071 1378 1169 1411 tribue
1181 1378 1250 1418 illis,
1259 1377 1408 1422 quomodo
1423 1377 1461 1412 &
1473 1376 1516 1411 illi
1524 1374 1589 1411 tibi.
1636 1375 1689 1412 Ad
1704 1377 1841 1411 domum
1849 1384 1926 1408 vero

1072 1429 1324 1463 Rechabitarum
1337 1425 1481 1474 loquitur
1509 1427 1649 1463 Dominus
1665 1438 1722 1475 per
1729 1428 1928 1462 Hieremiam

1072 1481 1118 1510 ita
1137 1479 1267 1511 dicens:
1290 1481 1350 1512 Pro
1364 1483 1404 1525 eo,
1415 1473 1500 1521 quod
1505 1474 1636 1521 obediſtis
1645 1484 1781 1521 præcepto
1790 1473 1927 1510 Ionadab

1061 1529 1167 1573 patris
1182 1527 1281 1574 veſtri,
1302 1526 1340 1563 &
1353 1525 1505 1573 cuſtodiſtis
1516 1527 1616 1560 omnia
1637 1527 1786 1561 mandata
1800 1537 1874 1571 ejus,
1889 1524 1928 1562 &

1071 1578 1172 1624 feciſtis
1186 1576 1341 1623 univerſa,
1359 1587 1422 1623 quæ
1431 1577 1559 1623 præcipit
1580 1575 1675 1619 vobis,
1691 1585 1851 1621 propterea
1868 1575 1926 1610 hæc

1062 1625 1141 1664 dicit
1170 1627 1303 1678 Dominus
1322 1630 1392 1677 Deus
1405 1628 1517 1674 Iſraël:
1541 1630 1613 1661 Non
1628 1626 1740 1672 deficiet
1758 1629 1810 1661 vir
1817 1626 1856 1662 de
1853 1628 1926 1675 ſtir-

1059 1689 1103 1723 pe
1115 1677 1254 1713 Ionadab
1261 1678 1324 1724 filii
1327 1676 1446 1713 Rechab
1452 1676 1540 1723 ſtans
1550 1677 1585 1710 in
1590 1675 1741 1722 conſpectu
1749 1681 1801 1722 meo
1812 1679 1925 1712 cunctis

1069 1731 1182 1766 diebus.
1232 1731 1271 1765 In
1295 1728 1458 1767 Malachia
1476 1738 1609 1775 quoque
1627 1728 1670 1764 ſic
1689 1731 1853 1764 Dominus
1866 1730 1926 1761 ait:

1068 1781 1161 1816 Filius
1173 1779 1300 1813 honorat
1306 1785 1442 1823 patrem,
1455 1778 1494 1813 &
1495 1778 1601 1824 ſervus
1612 1776 1768 1812 dominum
1772 1776 1875 1824 ſuum.
1889 1777 1926 1811 Si

1069 1841 1134 1874 ergo
1147 1841 1238 1874 pater
1252 1841 1302 1876 ego
1309 1830 1398 1875 ſum,
1413 1829 1466 1864 ubi
1480 1831 1517 1877 eſt
1528 1830 1625 1865 honor
1636 1824 1762 1873 meus?
1780 1832 1822 1865 Et
1833 1830 1865 1875 ſi
1876 1838 1925 1875 ego

1068 1884 1216 1918 Dominus
1219 1883 1302 1928 ſum,
1319 1881 1370 1916 ubi
1386 1883 1424 1930 eſt
1437 1883 1529 1918 timor
1541 1877 1662 1925 meus?
1673 1884 1763 1919 Hinc
1777 1884 1811 1918 &
1826 1883 1862 1916 in
1875 1892 1927 1916 ev-

1069 1933 1198 1978 angelio
1215 1933 1280 1982 ipſa
1300 1936 1411 1970 veritas
1434 1935 1475 1969 ad
1494 1931 1660 1970 Phariſæos
1674 1933 1732 1966 ait:
1758 1935 1873 1980 Quare
1889 1934 1927 1969 &

1068 1989 1127 2011 vos
1146 1979 1390 2023 transgredimini
1410 1977 1593 2014 mandatum
1610 1978 1680 2012 Dei
1688 1986 1813 2024 propter
1827 1975 1926 2012 tradi-

1070 2031 1180 2063 tionem
1195 2032 1347 2074 veſtram?
1369 2036 1455 2065 Nam
1463 2035 1547 2065 Deus
1559 2029 1659 2065 dixit:
1680 2032 1801 2063 Honora
1800 2034 1924 2074 patrem

1072 2080 1110 2114 &
1119 2090 1258 2113 matrem.
1284 2078 1345 2114 &:
1369 2079 1441 2125 Qui
1453 2078 1643 2121 maledixerit
1649 2081 1738 2123 patri
1754 2077 1810 2112 vel
1819 2078 1925 2119 matri,

1071 2136 1167 2161 morte
1186 2129 1346 2161 moriatur.
1396 2133 1458 2161 Vos
1476 2129 1579 2161 autem
1592 2125 1715 2160 dicitis:
1737 2125 1926 2173 Quicunque

1072 2172 1185 2202 dixerit
1193 2171 1280 2211 patri
1302 2169 1355 2199 vel
1374 2169 1485 2204 matri,
1500 2170 1615 2200 Munus
1629 2166 1829 2209 quodcunque
1840 2165 1882 2213 eſt
1878 2165 1951 2209 ex

1073 2232 1122 2254 me
1136 2219 1190 2253 tibi
1206 2219 1354 2264 proderit,
1371 2221 1408 2253 &
1420 2232 1480 2254 non
1494 2217 1697 2264 honorificabit
1705 2218 1827 2262 patrem
1834 2218 1927 2267 ſuum

1072 2279 1128 2297 aut
1138 2277 1267 2297 matrem
1272 2267 1374 2309 ſuam,
1390 2266 1408 2299 &
1439 2264 1558 2298 irritum
1559 2262 1666 2310 feciſtis
1680 2260 1861 2298 mandatum
1868 2255 1929 2300 Dei

1063 2329 1190 2362 propter
1209 2319 1397 2353 traditionem
1412 2318 1541 2365 veſtram.
1587 2318 1627 2351 Et
1641 2320 1719 2352 item
1732 2316 1807 2353 alibi
1822 2316 1862 2351 ad
1877 2319 1929 2352 Iu-

1070 2370 1156 2406 dæos
1169 2371 1228 2406 ait:
1253 2374 1312 2420 Ego
1324 2369 1480 2417 honorifico
1486 2378 1609 2418 patrem
1624 2377 1742 2414 meum,
1759 2370 1798 2407 &
1811 2380 1869 2406 vos
1880 2373 1927 2406 in-

1068 2423 1230 2472 honoraſtis
1246 2435 1314 2459 me:
1334 2424 1416 2458 Item
1432 2421 1521 2459 alibi:
1543 2424 1616 2459 Non
1630 2421 1706 2465 veni,
1722 2420 1836 2469 inquit,
1841 2419 1927 2466 face-

1067 2487 1101 2509 re
1108 2474 1296 2510 voluntatem
1309 2483 1420 2517 meam,
1425 2469 1490 2522 ſed
1497 2473 1575 2519 ejus,
1589 2473 1647 2519 qui
1656 2471 1735 2519 miſit
1745 2482 1805 2515 me,
1812 2474 1927 2517 patris.

1067 2529 1181 2566 Paulus
1202 2540 1333 2577 quoque
1354 2530 1389 2563 in
1405 2529 1537 2579 epiſtola
1557 2527 1610 2565 ſua
1634 2528 1676 2565 ad
1698 2527 1851 2576 Epheſios
1865 2529 1926 2562 ait:

1067 2579 1154 2622 Filii,
1180 2576 1293 2613 obedite
1306 2576 1485 2623 parentibus
1506 2578 1603 2625 veſtris
1618 2580 1650 2611 in
1664 2580 1807 2613 Domino.
1842 2579 1920 2612 Hoc

1068 2628 1146 2657 enim
1158 2626 1273 2671 juſtum
1291 2627 1337 2670 eſt.
1389 2629 1508 2659 Honora
1515 2631 1639 2669 patrem
1659 2622 1766 2665 tuum,
1787 2622 1873 2668 quod
1886 2622 1923 2669 eſt

1066 2680 1247 2707 mandatum
1255 2688 1390 2718 primum
1404 2679 1436 2708 in
1451 2673 1662 2718 promisſione,
1673 2680 1708 2706 ut
1722 2670 1794 2706 bene
1801 2668 1842 2718 ſit
1851 2670 1923 2720 tibi,

1068 2729 1107 2763 &
1118 2729 1163 2774 ſis
1177 2729 1315 2773 longævus
1327 2728 1416 2771 ſuper
1429 2736 1553 2761 terram.
1602 2728 1683 2761 Item
1699 2726 1738 2760 ad
1754 2724 1924 2762 Coloſſen-

1065 2780 1126 2814 ſes:
1141 2779 1218 2823 Filii,
1225 2780 1340 2826 inquit,
1348 2777 1463 2813 obedite
1462 2776 1640 2824 parentibus
1648 2777 1744 2824 veſtris
1743 2787 1802 2824 per
1807 2779 1920 2812 omnia.

1065 2832 1129 2860 Hoc
1142 2832 1220 2860 enim
1227 2830 1375 2871 placitum
1385 2828 1421 2871 eſt
1432 2828 1464 2859 in
1470 2827 1611 2861 Domino.
1663 2827 1769 2859 Petrus
1789 2822 1922 2872 quoque

1065 2880 1204 2912 ſimiliter
1224 2885 1259 2909 in
1274 2875 1406 2924 epiſtola
1423 2875 1475 2910 ſua
1509 2880 1663 2925 ammonet
1684 2871 1809 2914 dicens:
1834 2871 1920 2911 Ado-

1064 2931 1216 2972 leſcentes,
1229 2927 1346 2970 ſubditi
1357 2926 1442 2972 eſtote
1455 2924 1632 2970 ſenioribus.
1677 2919 1797 2961 Omnes
1814 2930 1919 2959 autem

1062 2979 1193 3009 invicem
1206 2976 1408 3008 humilitatem
1418 2975 1584 3018 inſinuate:
1607 2973 1682 3017 quia
1694 2967 1778 3007 Deus
1784 2970 1920 3020 ſuperbis

1063 3029 1174 3077 reſiſtit,
1186 3027 1348 3062 humilibus
1362 3038 1465 3062 autem
1472 3024 1529 3062 dat
1534 3027 1695 3075 gratiam.

1118 3132 1166 3166 De
1180 3123 1251 3172 his,
1263 3125 1326 3177 qui
1343 3134 1515 3177 parentes
1524 3124 1612 3179 ſuos
1632 3126 1694 3165 vel
1705 3124 1861 3178 majores

1284 3177 1494 3217 contemnendo
1510 3177 1679 3226 deſpiciunt.

1056 3275 1151 3375 Q

1156 3277 1304 3313 Vantum
1313 3281 1420 3309 autem
1430 3271 1592 3322 diſpliceat
1600 3267 1677 3320 Deo
1689 3270 1914 3310 dehoneſtatio

1187 3334 1366 3370 parentum,
1376 3322 1520 3371 exempla
1528 3321 1603 3363 illa,
1631 3334 1699 3370 quæ
1708 3322 1916 3359 inveniuntur

1055 3376 1093 3414 in
1104 3376 1218 3427 divinis
1219 3377 1320 3422 libris,
1335 3379 1501 3423 declarant.
1553 3383 1642 3415 Nam
1663 3384 1730 3407 cum
1741 3372 1818 3414 poſt
1837 3370 1910 3409 dilu-

1060 3423 1149 3469 vium
1167 3427 1233 3460 Noë
1248 3424 1414 3475 plantaſſet
1423 3426 1570 3465 vineam,
1585 3425 1618 3459 &
1623 3420 1659 3470 ſe
1668 3427 1745 3459 vino
1763 3422 1913 3460 inebrias-

1060 3474 1125 3516 ſet,
1140 3476 1340 3524 nudatusque
1347 3474 1489 3522 jacuiſſet
1497 3478 1533 3512 in
1540 3476 1744 3512 tabernaculo
1752 3475 1828 3517 ſuo,
1844 3482 1913 3509 me-

1062 3523 1131 3558 dius
1139 3528 1232 3559 trium
1240 3526 1380 3562 filiorum
1396 3528 1479 3571 ejus,
1495 3525 1550 3570 qui
1564 3526 1657 3569 patris
1674 3523 1719 3559 ſui
1734 3524 1913 3560 nuditatem

1063 3573 1258 3622 conſpiciens
1273 3577 1427 3619 inriſerat,
1442 3574 1703 3613 malediƈtionem
1725 3575 1866 3611 debitam
1879 3575 1914 3607 in

1063 3622 1182 3659 ſemine
1197 3622 1253 3656 ſuo
1262 3633 1456 3669 perceperat;
1484 3626 1578 3660 ceteri
1594 3635 1669 3659 vero
1685 3622 1741 3658 filii
1757 3626 1839 3669 ejus,
1856 3619 1912 3666 qui

1061 3671 1245 3706 velaverunt
1262 3672 1503 3707 obſcœnitatem
1524 3675 1687 3719 parentis,
1713 3669 1912 3708 benedictio-

1059 3736 1103 3758 ne
1118 3725 1211 3769 patris
1224 3735 1377 3772 perpetuo
1400 3725 1470 3759 ſunt
1490 3726 1689 3761 remunerati.
1744 3731 1794 3763 Sic
1810 3727 1844 3758 &
1860 3734 1911 3758 ce-

1055 3775 1127 3813 teris
1157 3775 1338 3813 Patriarchis
1358 3773 1546 3824 diſplicuiſſe
1566 3776 1717 3822 reperitur
1746 3771 1910 3823 inæquali-

1973 574 2019 598 tas
2037 575 2075 598 ac
2088 562 2193 599 feritas
2206 575 2335 599 morum
2356 561 2475 599 ſobolis
2490 561 2548 597 ſuæ
2564 565 2598 598 &
2613 560 2823 598 manſuetudo

1973 615 2091 665 placita
2102 615 2203 654 fuiſſe.
2251 620 2402 666 Denique
2418 616 2458 654 de
2472 615 2582 651 Iſmaël
2602 618 2711 664 primo
2740 615 2825 651 filio-

1974 676 2046 699 rum
2059 662 2223 699 Abraham
2238 662 2376 708 legitur,
2399 661 2489 710 quod
2509 662 2613 697 homo
2636 662 2718 699 ferus
2741 663 2824 708 eſſet,

1975 725 2154 761 manusque
2163 715 2227 759 ejus
2238 725 2348 750 contra
2363 726 2494 757 omnes,
2505 715 2539 748 &
2549 725 2660 748 manus
2676 716 2826 749 omnium

1977 771 2088 792 contra
2117 766 2210 795 eum,
2229 763 2263 788 &
2285 764 2375 800 quod
2395 772 2412 790 e
2433 764 2565 802 regione
2588 756 2825 794 univerſorum,

1975 816 2108 852 fratrum
2133 814 2263 851 ſuorum
2293 815 2404 863 figeret
2437 813 2649 852 tabernacula.
2700 817 2762 851 Sed
2790 818 2825 851 in

1974 866 2059 902 Iſaac
2083 874 2235 902 vocatum
2260 864 2303 901 eſt
2316 868 2438 914 parenti
2461 865 2579 908 ſemen,
2590 866 2641 899 cui
2663 864 2826 901 benedixit

1976 921 2165 959 Dominus,
2189 918 2222 952 &
2231 919 2361 966 paƈtum
2384 916 2475 954 ſuum
2490 920 2595 954 ſtatuit
2607 918 2653 953 illi
2671 920 2706 952 in
2719 917 2824 954 fœdus

1977 970 2203 1019 ſempiternum
2218 974 2253 1007 &
2267 970 2377 1007 ſemini
2394 972 2461 1017 ejus
2475 970 2548 1018 poſt
2562 980 2653 1011 eum,
2687 969 2760 1014 quia
2769 979 2825 1016 per

1979 1019 2091 1052 omnia
2112 1020 2207 1066 patris
2215 1017 2261 1053 ſui
2275 1017 2507 1066 obtemperavit
2520 1018 2688 1052 voluntati.
2738 1018 2825 1053 Huic

1975 1071 2042 1106 nati
2064 1070 2136 1106 ſunt
2159 1070 2226 1106 duo
2246 1070 2330 1115 filii,
2360 1070 2441 1107 Eſau
2470 1070 2615 1106 videlicet
2646 1072 2681 1106 &
2707 1065 2819 1114 Iacob:

1977 1127 2116 1163 quorum
2135 1117 2256 1166 primus
2282 1128 2347 1153 erat
2370 1118 2458 1154 rufus
2479 1120 2513 1153 &
2534 1120 2569 1152 in
2590 1129 2715 1152 morem
2736 1115 2825 1165 pellis

1976 1171 2132 1222 hiſpidus;
2157 1174 2213 1220 qui
2236 1172 2360 1209 adultus
2383 1171 2487 1210 faƈtus
2511 1174 2555 1208 eſt
2585 1174 2633 1207 vir
2653 1183 2768 1218 gnarus
2791 1174 2826 1207 &

1975 1220 2080 1256 homo
2102 1219 2252 1265 agricola.
2299 1222 2439 1267 Sequens
2454 1229 2561 1256 autem
2581 1218 2674 1254 frater
2695 1222 2759 1267 ejus
2777 1220 2825 1254 vir

1978 1279 2043 1306 erat
2056 1268 2209 1317 ſimplex,
2229 1268 2394 1307 habitabat
2413 1273 2449 1305 in
2462 1268 2679 1306 tabernaculis.
2730 1270 2824 1308 Vnde

1979 1324 2014 1357 &
2028 1330 2130 1356 mater
2145 1332 2219 1356 eum
2237 1323 2376 1357 maxime
2389 1318 2576 1368 diligebat;
2593 1321 2646 1354 cui
2664 1321 2699 1354 &
2721 1330 2824 1367 pater-

1977 1382 2022 1406 na
2043 1368 2226 1405 benedictio
2254 1367 2386 1417 pleniter
2408 1368 2628 1416 perveniebat,
2645 1367 2741 1404 fratre
2758 1369 2823 1412 ejus

1975 1422 2100 1460 ſeniore
2106 1429 2236 1469 propter
2244 1422 2449 1468 cupiditatem
2454 1421 2527 1458 eſcæ
2533 1420 2824 1469 primogenitorum

1976 1470 2139 1505 honorem
2168 1467 2329 1515 perdente.
2377 1469 2523 1506 Similiter
2557 1470 2591 1503 &
2616 1477 2704 1515 pater
2726 1466 2823 1503 Iacob

1978 1518 2093 1568 Ioſeph
2109 1517 2211 1555 filium
2224 1516 2315 1553 ſuum
2330 1520 2490 1554 minorem
2504 1527 2582 1551 natu
2604 1517 2695 1565 ſuper
2710 1529 2824 1551 omnes

1976 1573 2060 1609 filios
2083 1570 2155 1606 ſuos
2175 1568 2347 1618 diligebat,
2372 1580 2469 1619 quem
2484 1568 2629 1619 ſcriptura
2642 1568 2825 1605 manſuetis-

1977 1625 2092 1659 ſimum
2112 1631 2207 1669 atque
2221 1622 2419 1669 juſtiſſimum
2434 1620 2504 1666 eſſe,
2531 1622 2673 1664 teſtatur,
2698 1621 2752 1668 qui
2769 1632 2825 1668 pa-

1977 1683 2057 1708 trem
2071 1670 2163 1707 ſuum
2175 1682 2272 1718 atque
2293 1670 2401 1706 fratres
2421 1673 2537 1720 pietate
2551 1669 2718 1718 largiſſima
2733 1670 2824 1708 fove-

1976 1720 2032 1756 bat
2050 1730 2089 1754 ac
2101 1720 2268 1756 nutriebat.
2319 1718 2449 1767 Moyſes
2464 1718 2576 1766 igitur,
2600 1720 2656 1765 qui
2672 1720 2823 1757 conſtitu-

1977 1786 2027 1811 tus
2043 1775 2087 1812 eſt
2115 1789 2118 1810 a
2125 1779 2200 1812 Deo
2218 1775 2282 1810 dux
2297 1770 2405 1827 populi
2421 1769 2543 1825 Iſrael,
2548 1777 2581 1810 &
2603 1787 2665 1810 cum
2685 1777 2747 1811 Deo
2773 1774 2824 1809 lo-

1976 1820 2142 1872 quebatur.
2150 1821 2226 1858 ſicut
2233 1823 2339 1857 homo
2354 1822 2495 1869 loquitur
2511 1822 2551 1856 ad
2567 1824 2705 1857 amicum
2721 1820 2823 1863 ſuum,

1976 1874 2137 1920 numquid
2150 1874 2186 1908 in
2205 1873 2382 1909 minoribus
2392 1875 2457 1918 ejus
2471 1882 2623 1918 præcipue
2631 1871 2824 1919 prædicatur,

1976 1921 2067 1970 quod
2074 1923 2179 1957 homo
2193 1922 2288 1958 fuerit
2300 1916 2474 1959 mitiſſimus
2483 1923 2561 1957 ultra
2586 1933 2698 1956 omnes
2715 1922 2822 1956 homi-

1959 1981 2051 2012 nes,
2067 1973 2123 2018 qui
2131 1971 2337 2007 morabantut
2345 1974 2387 2007 in
2403 1980 2493 2008 terra.
2542 1970 2623 2007 Ieſus
2636 1983 2712 2006 vero
2730 1973 2823 2005 mini-

1975 2020 2048 2071 ſter
2065 2019 2167 2073 Moyſi,
2183 2023 2256 2068 quia
2270 2015 2331 2069 pet
2339 2026 2450 2058 omnia
2465 2021 2564 2059 fidelis
2580 2024 2613 2057 &
2632 2022 2765 2057 devotus
2779 2029 2823 2053 at-

1977 2078 2041 2121 que
2055 2069 2204 2117 obediens
2220 2068 2293 2118 fuit
2293 2074 2430 2109 domino
2438 2072 2514 2114 ſuo,
2536 2073 2747 2119 principatum
2764 2082 2823 2117 po-

1976 2121 2044 2171 puli
2051 2123 2140 2158 Iſraël
2159 2118 2261 2167 divino
2279 2114 2392 2174 judicio
2407 2125 2521 2158 electus
2542 2116 2617 2172 poſt
2639 2120 2749 2166 Moyſen
2772 2133 2824 2155 ac-

1969 2167 2064 2203 cepit
2081 2168 2116 2201 &
2129 2166 2261 2200 feliciter
2278 2176 2378 2213 usque
2398 2164 2439 2198 ad
2454 2163 2553 2198 finem
2572 2163 2723 2202 perduxit.
2772 2166 2822 2199 Sic

1978 2211 2001 2249 &
2014 2207 2146 2251 David,
2160 2206 2311 2245 minimus
2318 2211 2400 2245 inter
2407 2208 2514 2246 fratres
2523 2202 2612 2252 ſuos,
2629 2208 2673 2245 ob
2683 2210 2747 2243 hoc
2754 2222 2823 2244 ma-

1976 2258 2059 2311 xime
2080 2266 2137 2302 Deo
2153 2265 2271 2314 placuit
2287 2267 2322 2301 &
2348 2265 2381 2300 ad
2396 2267 2485 2314 regni
2518 2264 2644 2300 culmen
2669 2264 2821 2313 pervenit,

1979 2316 2053 2363 quia
2075 2314 2303 2355 humilitatem,
2329 2315 2514 2363 patientiam
2542 2327 2579 2350 ac
2606 2314 2819 2351 manſuetudi-

1976 2379 2051 2405 nem
2061 2369 2199 2405 maxime
2205 2370 2241 2405 in
2248 2367 2425 2405 minoribus
2433 2367 2491 2406 ſuis
2504 2368 2644 2406 ſervavit.
2660 2367 2701 2404 de
2709 2379 2776 2415 quo
2786 2368 2822 2401 in

1975 2419 2098 2469 pſalmo
2111 2419 2259 2470 ſcriptum
2270 2420 2328 2456 eſt:
2352 2426 2523 2464 Memento,
2549 2423 2696 2463 Domine,
2717 2421 2824 2457 David

1976 2470 1999 2507 &
2020 2470 2117 2507 omnis
2123 2464 2357 2517 manſuetudinis
2372 2471 2443 2518 ejus.
2495 2472 2583 2504 Hinc
2603 2473 2620 2505 &
2643 2471 2676 2504 in
2685 2469 2821 2503 Macha-

1974 2512 2119 2555 bæorum
2132 2518 2215 2555 libro
2229 2517 2369 2570 legitur:
2389 2517 2497 2555 David
2509 2515 2541 2553 in
2545 2521 2607 2564 ſua
2624 2515 2823 2564 miſericordia

1974 2567 2140 2613 conſecutus
2164 2569 2202 2614 et
2224 2568 2329 2614 ſedem
2350 2570 2440 2615 regni
2459 2571 2490 2602 in
2505 2562 2618 2614 ſecula.
2660 2569 2828 2607 Ananias,

1971 2619 2116 2661 Azarias,
2140 2610 2255 2656 Miſaël
2273 2622 2309 2653 in
2323 2617 2386 2654 fide
2401 2617 2601 2666 perſiſtentes
2613 2617 2735 2661 liberati
2751 2612 2822 2653 ſunt

1975 2682 1993 2705 a
2001 2667 2144 2705 flamma.
2193 2665 2311 2708 Daniel
2322 2672 2357 2705 in
2370 2668 2424 2704 ſua
2432 2669 2627 2719 ſimplicitate
2637 2677 2759 2717 ereptus
2777 2669 2819 2705 eſt

1975 2718 2016 2754 de
2031 2730 2087 2755 ore
2102 2717 2248 2762 leonum,
2265 2716 2286 2765 &
2306 2717 2485 2754 honoribus
2497 2717 2697 2761 ſublimatus,
2714 2715 2816 2753 factus

1974 2761 2019 2807 eſt
2031 2763 2078 2804 in
2113 2769 2217 2816 regnis
2244 2766 2382 2805 inclitus.
2435 2771 2486 2806 Sic
2516 2767 2662 2806 videlicet
2691 2777 2816 2809 omnes,

1970 2821 2026 2866 qui
2033 2818 2232 2866 ſperaverunt
2251 2812 2289 2871 in
2280 2822 2407 2862 Deum,
2425 2820 2461 2855 &
2475 2819 2630 2868 patienter
2644 2821 2709 2867 ejus
2726 2816 2815 2865 adju-

1969 2866 2090 2906 torium
2116 2864 2400 2920 præſtolabantur,
2423 2880 2629 2918 nequaquam
2636 2869 2678 2906 ab
2693 2882 2735 2907 eo
2748 2868 2819 2906 ſunt

1968 2925 2091 2977 deſerti.

1979 3017 2083 3064 Quod
2099 3020 2197 3059 regiæ
2211 3011 2385 3077 dignitati
2393 3018 2500 3061 honor
2499 3020 2555 3075 ſit
2574 3020 2594 3064 &
2619 3018 2816 3060 obedientia

2001 3068 2041 3104 ab
2055 3060 2190 3105 omnibus
2197 3071 2367 3117 deferenda,
2377 3077 2560 3103 contumacia
2569 3082 2672 3101 autem
2670 3074 2775 3114 ſuper-

2178 3126 2282 3164 horum
2290 3126 2441 3177 diſciplina
2448 3126 2616 3164 coërcenda.

1955 3225 2061 3310 Q

2063 3223 2131 3260 Vod
2156 3230 2264 3257 autem
2279 3223 2370 3269 regiæ
2388 3218 2533 3268 dignitati
2548 3220 2658 3258 honor
2668 3213 2708 3266 ſit
2717 3221 2735 3257 à
2744 3220 2814 3257 ſub-

2081 3273 2151 3310 ditis
2172 3271 2381 3317 offerendus,
2404 3273 2438 3309 &
2458 3272 2549 3322 quod
2564 3275 2640 3310 Deo
2655 3271 2816 3321 diſpliceat

1955 3324 2160 3354 contumacia
2180 3324 2387 3363 ſubditorum,
2397 3322 2537 3361 oſtendit
2549 3322 2695 3356 ſcriptura
2709 3322 2811 3359 divina

1962 3373 2029 3399 tam
2041 3364 2075 3398 in
2100 3366 2269 3405 ſententiis,
2289 3378 2388 3410 quam
2406 3371 2488 3414 etiam
2508 3370 2542 3398 in
2549 3366 2710 3412 exemplis.
2724 3366 2815 3399 Nam

1960 3417 1996 3456 in
2007 3420 2121 3456 Exodo
2135 3419 2283 3467 ſcriptum
2297 3420 2357 3455 eſt:
2381 3421 2451 3456 Diis
2464 3432 2525 3456 non
2533 3417 2677 3461 detrahes,
2698 3418 2716 3453 &
2726 3420 2813 3464 prin-

1961 3469 2016 3514 cipi
2021 3472 2127 3516 populi
2145 3473 2192 3507 tui
2203 3483 2265 3506 non
2281 3472 2451 3507 maledices.
2505 3475 2546 3508 Et
2564 3475 2598 3508 in
2609 3474 2815 3506 Deuterono-

1962 3520 2047 3552 mio:
2073 3521 2145 3572 Qui
2164 3530 2279 3565 autem,
2294 3521 2409 3567 inquit,
2422 3520 2611 3567 ſuperbierit,
2633 3520 2729 3554 nolens
2745 3521 2813 3561 obe-

1961 3568 2027 3603 dire
2034 3570 2198 3614 ſacerdotis
2210 3571 2345 3615 imperio,
2360 3573 2413 3617 qui
2422 3580 2453 3604 eo
2461 3573 2590 3616 tempore
2596 3568 2742 3614 miniſtrat
2748 3575 2813 3606 Do-

1961 3621 2042 3653 mino
2049 3622 2115 3656 Deo
2129 3633 2181 3656 tuo
2207 3620 2224 3657 &
2248 3620 2364 3656 decreto
2370 3619 2495 3667 judicis,
2502 3620 2647 3654 maorietur
2658 3619 2746 3654 homo
2753 3619 2812 3661 ille,

1961 3665 1999 3705 &
2011 3671 2131 3716 auferas
2144 3670 2261 3705 malum
2275 3669 2307 3704 de
2312 3669 2418 3717 Iſraël;
2439 3668 2617 3715 cunctusque
2624 3669 2751 3715 populus
2756 3678 2813 3702 au-

1959 3714 2044 3755 diens
2056 3722 2183 3764 timebit,
2203 3722 2221 3757 &
2236 3720 2335 3757 nullus
2341 3722 2476 3766 deinceps
2487 3716 2655 3766 intumeſcet
2660 3718 2813 3767 ſuperbia.

1958 3766 2047 3808 Hinc
2056 3772 2220 3812 &Samuël
2227 3765 2386 3819 Propheta
2399 3768 2431 3817 in
2433 3765 2645 3818 libroRegum
2657 3767 2811 3808 obedien-

2841 663 2895 691 Gen.
2907 672 2942 692 21.

2834 750 2898 782 Hier.
2906 762 2936 789 41.

2835 1075 2889 1105 Gen.
2898 1080 2936 1109 25.

2834 1476 2930 1513 Gen.37.

2834 1721 2887 1750 Gen.
2894 1729 2939 1758 42.

2834 1882 2902 1908 Num.
2909 1886 2944 1906 12.

2832 2028 2949 2064 Deuter.
2942 2027 2976 2072 34.

2832 2426 2893 2459 Pſal.
2901 2433 2946 2462 131.

2834 2569 2849 2613 1
2862 2568 2929 2613 Mach.
2939 2571 2954 2611 2.

2829 2672 2891 2699 Dan.
2900 2679 2922 2707 5.

2826 3248 2917 3273 CAP.
2944 3246 2983 3273 III.

2822 3426 2896 3453 Exod.
2910 3432 2949 3451 22.

2823 3477 2920 3503 Deuter.
2935 3482 2961 3510 17.

2703 3823 2808 3850 tiam
