1483 2187
891 302 983 357 289

343 306 544 356 EPISTOLA
544 306 732 356 XXVIII.

105 366 297 426 largitum
327 372 419 424 eſſe,
438 371 588 417 credat.
615 375 693 431 Qui
712 371 838 425 enim,
855 368 985 433 expli-

105 443 201 476 cans
219 435 358 481 locum
379 438 501 481 Rom.
514 438 530 479 I,
542 434 639 486 16.,
657 429 901 486 Evangelio,
922 438 984 480 uti

102 482 294 541 ſcriptum
315 485 410 531 illud
428 486 508 538 eſt,
529 489 584 537 &,
609 486 794 531 videlicet
817 484 980 539 juxta

104 536 233 597 ſcripti
252 539 464 593 regulam,
477 542 517 581 in
536 541 654 585 ſacris
677 539 932 585 ſermonibus
954 556 981 585 e

104 592 294 654 ſuggeſtu
314 598 576 654 prædicatur,
594 601 818 645 efficaciam
845 601 981 647 ſalutis

106 655 279 707 attribui,
314 653 493 717 imperito
509 655 594 700 huic
616 659 717 700 viſus
742 656 829 698 ſum
857 657 981 702 tradi-

106 710 297 760 tionibus,
315 724 399 754 non
420 712 595 769 ſcriptis,
613 714 678 756 ſed
708 713 802 758 viva
833 714 981 767 prædi-

107 771 288 812 cantium
307 780 410 812 voce
422 770 673 824 propagatis,
684 770 903 816 attribuiſſe
916 773 978 814 in-

106 818 310 867 fallibilem
330 823 605 869 autoritatem,
626 820 739 882 (quod
765 823 871 868 nulla
888 822 980 867 fidi-

107 881 194 925 cula
212 895 262 926 ex
273 881 375 925 meis
390 881 531 926 verbis
548 880 882 939 extorquebunt.)
892 885 977 927 Ve-

104 946 199 982 rum
217 941 343 983 etiam
355 940 446 993 Te,
457 936 484 992 &
496 940 583 995 jam
599 940 768 983 beatum
790 942 979 984 noſtrum

105 989 417 1047 Præceptorem,
436 989 630 1046 exemplo
641 990 848 1049 producit,
864 992 981 1047 quod

103 1040 437 1101 diſputationibus
451 1045 643 1087 adverſus
662 1048 858 1089 Duræum
878 1047 979 1090 nihil

97 1104 154 1147 ad
176 1105 390 1147 veritatem
408 1104 639 1160 profectum
655 1105 760 1151 ſit.
785 1108 863 1148 Sed
889 1118 980 1147 non

103 1158 167 1201 ille
187 1158 315 1200 homo
334 1154 404 1206 eſt,
419 1170 513 1200 cum
534 1169 618 1212 quo
635 1157 831 1212 componi
862 1170 904 1200 et
933 1160 979 1202 in

104 1222 271 1258 arenam
297 1213 540 1260 deſcendere
566 1219 603 1256 ἐϰ
620 1216 661 1256 τȣ̃
684 1214 887 1272 πρέποντσς
913 1217 977 1267 ſit.

103 1268 203 1312 Non
222 1268 334 1323 plura
353 1267 538 1318 cumulo,
557 1281 679 1326 quam
712 1279 756 1311 ut
783 1272 979 1325 optime.

104 1323 192 1376 Te,
209 1327 299 1368 Deo
316 1325 527 1381 ſoſpitante
547 1328 586 1368 &
599 1325 888 1376 benedicente,
906 1340 979 1367 ua-

103 1375 188 1423 lere
207 1392 258 1423 ex
276 1383 416 1424 animo
433 1393 589 1437 precer.
651 1383 772 1425 Scrib.
781 1382 977 1430 Francof.

104 1435 160 1484 16.
177 1442 288 1488 Nov.
307 1441 419 1488 1666.

441 1509 543 1546 Plur.
560 1511 697 1548 Rever.
718 1504 974 1547 Excellent.

471 1562 687 1606 studioſiſſimus,
697 1562 896 1607 addictiſſimus

263 1613 470 1672 Philippus
488 1615 660 1669 Jacobus
677 1616 907 1671 Spenerus,
926 1618 981 1661 D.

400 1677 439 1717 &
455 1678 543 1723 Sen.
560 1678 657 1717 Min.
674 1674 848 1718 Francof.

104 1727 141 1772 P.
157 1728 189 1768 S.
206 1728 410 1772 Reverend.
438 1731 476 1768 &
498 1731 740 1771 Excellentiſſ.
768 1731 879 1770 Dnos

151 1780 399 1838 Collegas,
347 1787 402 1842 pio
410 1797 494 1829 cum
508 1796 610 1829 voto,
629 1786 878 1837 obſequiorum

152 1857 340 1896 meorum,
357 1850 383 1891 ſi
400 1852 464 1891 Te
479 1846 681 1901 interprete
693 1847 749 1889 uti
760 1846 878 1891 liceat,

150 1904 273 1945 certos
285 1893 376 1945 fieri,
384 1906 490 1950 rogo.

547 1952 597 2000 N
597 1952 631 2000 3

875 1944 967 1990 EPI-
