2331 2782
670 420 762 462 XII

676 478 767 517 mari
789 479 936 532 poteſt,
957 489 1300 522 AMTHORIVM
1324 479 1515 523 noſtrum,
1531 483 1577 515 et
1594 479 1673 517 eius
1691 484 1866 531 vxorem,
1892 482 2020 522 rariſſi-

677 546 782 571 mum
801 535 990 584 exemplar
1013 534 1186 571 omnium
1203 533 1395 581 virtutum,
1412 545 1506 580 quae
1530 547 1548 571 a
1566 535 1783 573 Chriſtianis
1803 540 2018 573 hominibus

677 592 938 642 requiruntur,
969 599 1019 633 et
1033 587 1311 644 Weiſſenſtadio,
1337 606 1376 632 et
1399 592 1475 630 toti
1494 591 1671 637 viciniae,
1692 595 1903 640 praebuiſſe.
1963 597 2019 634 Hi

678 647 734 698 pii
749 650 947 695 Coniuges
972 647 1073 684 enim
1092 660 1174 685 non
1191 649 1311 690 modo
1328 649 1434 686 domi
1452 649 1629 688 omnibus
1646 649 1778 687 officiis
1799 651 2018 688 Chriſtianis

673 707 823 758 ſingulis
840 707 972 745 diebus
994 718 1157 747 accurate
1171 707 1257 748 ſunt
1273 707 1451 757 defuncti,
1470 707 1531 746 ſed
1546 707 1655 745 etiam
1670 704 1777 744 ſacris
1795 709 1962 756 publicis,
1980 723 2019 746 et

675 761 901 807 dominicis,
937 772 975 800 et
1002 763 1176 814 profeſtis
1202 762 1354 809 diebus,
1385 773 1503 812 porro
1528 761 1777 800 concionibus
1801 762 2019 804 funebribus

677 831 716 856 et
749 818 995 869 nuptialibus,
1024 818 1048 857 ſi
1071 832 1163 869 quae
1188 818 1433 868 habebantur,
1467 817 1738 870 diligentiſſime
1755 818 2018 860 interfuerunt.

676 878 783 918 Inter
797 875 888 914 haec
905 876 1121 926 quotidiana
1143 875 1292 928 pietatis
1317 888 1354 915 et
1371 877 1551 916 virtutum
1569 876 1858 916 Chriſtianarum
1881 884 2020 916 exerci-

678 932 729 970 tia
746 933 924 984 cogitauit
941 936 1051 973 etiam
1068 937 1207 974 Noſter
1229 934 1372 975 Iacobus
1396 935 1601 974 Fridericus
1628 937 1668 971 in
1694 936 1825 985 primis
1851 935 1897 971 de
1915 940 2021 974 variis

674 993 903 1038 rationibus,
926 993 1060 1041 quibus
1077 994 1130 1030 vti
1149 995 1281 1042 poſſet,
1298 1003 1351 1039 vt,
1375 1004 1468 1039 quae
1486 993 1612 1031 diuina
1628 994 1856 1044 benignitate
1872 995 2022 1042 acquiſi-

674 1064 779 1091 uerat
807 1053 933 1101 bona,
963 1051 1004 1090 in
1025 1051 1213 1091 honorem
1234 1051 1328 1102 Dei,
1356 1060 1394 1088 et
1414 1049 1491 1089 eius
1512 1051 1668 1102 gloriam
1695 1052 1953 1104 impenderet,
1981 1064 2021 1090 et

672 1105 778 1147 viuus
796 1106 933 1160 pariter
955 1122 996 1148 ac
1016 1109 1102 1162 poſt
1129 1110 1276 1149 obitum
1297 1108 1401 1148 ſuum
1419 1109 1466 1147 de
1486 1111 1645 1158 eccleſia,
1657 1112 1704 1147 de
1722 1112 1855 1148 ſcholis
1875 1126 1913 1147 et
1932 1125 2021 1159 pau-

672 1170 826 1221 peribus
853 1180 962 1221 atque
980 1169 1312 1220 indigentioribus,
1312 1169 1424 1219 bene
1445 1180 1733 1221 promereretur.
1798 1171 1955 1220 Legauit
1977 1173 2020 1209 in

675 1227 779 1268 hunc
804 1228 922 1266 finem
947 1230 993 1266 ad
1014 1229 1340 1267 conſeruationem
1357 1228 1697 1279 Orphanotrophei
1721 1231 1914 1267 Baruthini
1939 1231 2020 1268 duo

678 1283 779 1321 mille
803 1293 842 1320 et
863 1292 1016 1320 centum
1041 1283 1208 1320 florenos
1240 1281 1515 1326 Franconicos,
1543 1284 1680 1328 legauit
1702 1287 1870 1320 eccleſiae
1887 1288 2020 1321 Vonſi-

679 1338 851 1385 delienſi,
881 1339 1062 1377 incendio
1087 1339 1247 1386 deletae,
1277 1335 1506 1388 quingentos
1532 1341 1720 1381 florenos,
1749 1345 1885 1385 legauit
1915 1346 2020 1379 dida-

680 1396 754 1436 ctra
773 1408 847 1447 pro
864 1395 1011 1447 triginta
1038 1394 1163 1447 pueris
1180 1407 1218 1435 et
1236 1393 1381 1448 puellis,
1401 1406 1441 1433 vt
1455 1395 1623 1441 Baruthi,
1640 1395 1866 1444 Vonſideliae,
1885 1403 2017 1436 Mona-

678 1452 872 1505 chomonti,
904 1454 1078 1507 Gefreſae
1095 1469 1134 1497 et
1158 1449 1439 1510 Weiſſenſtadii,
1475 1465 1543 1505 per
1565 1464 1691 1493 totum
1715 1466 1853 1493 annum
1877 1456 2018 1496 ſcholas

677 1512 787 1562 gratis
813 1511 1050 1563 frequentare
1077 1513 1237 1565 poſſent.
1297 1511 1481 1553 Fundauit
1508 1524 1627 1564 porro
1656 1512 1695 1552 in
1720 1513 1910 1551 honorem
1938 1515 2015 1555 Dei

676 1573 851 1612 vndecim
872 1573 1095 1619 conciones,
1110 1584 1264 1622 quarum
1279 1581 1439 1623 quatuor
1463 1570 1722 1627 Weiſſenſtadii
1737 1570 1882 1624 ſingulis
1900 1575 2017 1622 annis,

676 1634 774 1674 feſto
800 1634 1015 1671 Natiuitatis
1035 1634 1193 1680 Chriſti,
1223 1633 1319 1674 feſto
1335 1630 1547 1680 Paſchatos,
1583 1631 1681 1671 feſto
1697 1630 1955 1676 Pentecoſtes,
1979 1646 2019 1669 et

676 1689 775 1729 feſto
799 1682 1013 1747 Paraſceues
1037 1686 1141 1727 horis
1168 1686 1437 1741 pomeridianis
1463 1686 1657 1728 habentur.
1730 1687 2020 1727 Commemora-

680 1758 764 1784 mus
790 1754 912 1783 autem
934 1758 975 1784 in
996 1745 1151 1797 primis,
1189 1760 1261 1785 nec
1292 1744 1483 1796 poſteritas
1514 1757 1811 1784 commemorare
1841 1749 2018 1793 negliget,

680 1815 1027 1845 AMTHORIVM
1060 1805 1250 1852 noſtrum,
1280 1798 1344 1854 qui
1369 1800 1409 1841 in
1426 1802 1523 1844 nulla
1540 1804 1743 1844 Academia
1759 1804 1871 1843 bonis
1887 1808 2019 1845 litteris

680 1874 834 1914 operam
858 1875 1062 1913 nauauerat,
1086 1865 1126 1904 in
1144 1865 1284 1905 duabus
1305 1861 1528 1913 Academiis,
1547 1861 1682 1909 lenenſi
1704 1874 1743 1901 et
1762 1861 1901 1910 noſtra,
1927 1862 2018 1903 duas

679 1911 846 1957 fundaſſe
868 1918 1028 1963 menſas,
1051 1920 1094 1954 in
1111 1919 1247 1966 quibus
1266 1915 1400 1963 viginti
1416 1929 1577 1965 quatuor
1599 1919 1839 1954 conuictores
1861 1920 2019 1964 aluntur,

679 1972 728 2012 ita
746 1975 919 2022 quidem,
942 1987 983 2013 vt
1004 1978 1045 2012 in
1068 1978 1190 2014 noſtra
1210 1974 1344 2014 iisdem
1368 1977 1477 2013 etiam
1495 1978 1678 2026 ſtipendia
1703 1978 1775 2020 iam
1798 1977 1937 2013 fuerint
1961 1980 2018 2014 di-

678 2028 838 2066 ſtributa.
896 2031 951 2067 Vt
978 2033 1142 2066 breuiter
1176 2034 1362 2071 dicamus,
1414 2060 1730 2078 AMTHORIVS
1766 2036 1894 2064 noſter
1925 2037 2019 2065 vltra

681 2081 887 2119 duodecim
918 2086 1016 2120 mille
1044 2098 1082 2121 et
1108 2096 1299 2121 trecentos
1331 2089 1500 2119 florenos
1534 2092 1581 2119 ad
1608 2092 1686 2131 pias
1712 2090 1828 2118 cauſas
1862 2089 2016 2129 legauit,

683 2138 790 2189 quod
812 2140 877 2176 vix
900 2141 943 2177 ab
959 2141 1114 2177 homine
1133 2147 1294 2189 priuato,
1320 2142 1428 2177 huius
1455 2146 1532 2178 loci
1553 2157 1591 2177 et
1609 2144 1753 2177 ordinis
1779 2144 1861 2187 alio,
1882 2146 2018 2180 factum

682 2197 767 2240 fuit.
830 2196 1052 2248 Quanquam
1068 2209 1189 2238 autem
1208 2217 1422 2248 NOSTER
1446 2202 1590 2247 legator
1603 2200 1717 2236 vitam
1738 2211 1824 2237 vere
1841 2202 2017 2242 Chriſtia-

686 2266 773 2296 nam
791 2270 898 2308 agere
914 2256 1073 2307 ſtuduit,
1102 2269 1140 2297 et
1160 2260 1287 2304 fidem,
1310 2255 1421 2296 bonis
1439 2257 1615 2308 operibus
1637 2259 1877 2305 foecundam,
1896 2277 2019 2309 omni-

1939 2335 2017 2377 bus
