2515 2934
736 756 782 795 5.

551 936 605 966 An
605 936 626 966 a
633 934 769 967 Notario?

549 1393 624 1437 (Il.)
634 1395 792 1435 urgentibus
809 1396 859 1426 cir-

549 1434 722 1466 cumſtantiis
728 1435 853 1467 iteratur.

546 2176 631 2218 (III.)
642 2175 729 2217 efficit
738 2184 760 2207 t.
771 2171 898 2218 conſum-

545 2219 628 2242 mata
638 2222 669 2242 ut
679 2212 748 2251 a)de
755 2210 900 2252 depoſitio-

549 2263 588 2298 ne
588 2259 693 2298 conſtet
700 2259 756 2297 fide
762 2258 890 2300 publica.

919 589 1007 629 26

1007 589 1263 630 PROCESSUS
1293 587 1377 635 JUR.
1409 587 1607 628 COMMUN.
1635 599 1681 628 ET
1712 591 1856 630 SAXON.
1886 589 2016 630 ELECT.

917 685 1084 730 putatur,
1110 676 1132 717 &
1151 676 1364 731 periculum
1379 676 1513 731 ſubeſt,
1524 691 1571 719 ne
1588 680 1696 720 teſtes
1715 680 1923 720 examinari
1940 690 2078 732 queant
2096 693 2160 720 an-

917 743 957 771 te
974 730 1081 772 litem
1108 732 1366 774 conteſtatam.
1385 729 1434 773 Id.
1451 746 1484 772 n.
1502 744 1543 779 15.
1574 744 1637 773 aut
1654 731 1721 774 ubi
1742 733 1790 774 de
1807 734 2055 788 præſentanea
2074 732 2161 788 poſ-

916 794 1076 836 ſeſſione
1093 796 1130 835 &
1149 794 1196 834 ad
1213 793 1331 836 ſolam
1356 794 1501 844 Judicis
1530 793 1843 836 informationem
1871 807 2034 838 examen
2059 799 2161 839 inſti-

915 859 1044 900 tuitur.
1057 843 1243 900 FARINAC.
1254 859 1286 901 d.
1302 859 1427 914 Teſtib.
1447 859 1521 904 Lib.
1534 864 1597 905 III.
1617 866 1674 905 iit.
1693 862 1785 904 VIII.
1803 873 1861 921 qu.
1881 861 1937 908 76.
1957 872 1991 899 n.
2004 869 2062 911 135.
2066 859 2161 915 ſeq.

912 913 1008 969 Quæ
1028 925 1157 954 tamen
1169 914 1353 957 hactenus
1372 915 1471 958 dicta
1482 918 1643 958 minime
1661 916 1708 957 de
1728 917 1792 959 tali
1809 919 1933 968 judice
1946 916 2158 970 intelligen-

913 973 961 1014 da
980 971 1077 1024 ſunt,
1089 972 1155 1029 qui
1175 973 1267 1014 nulli
1293 969 1412 1034 præeſt
1423 974 1576 1028 judicio,
1586 975 1650 1017 ſed
1668 975 1749 1016 ſolo
1766 974 1963 1030 probaturi
1979 975 2082 1019 facto
2099 991 2160 1018 re-

913 1029 1069 1087 quiſitus
1087 1033 1151 1083 eſt,
1165 1041 1208 1072 ut
1217 1031 1367 1073 teſtium
1385 1030 1661 1085 depoſitionem
1671 1031 1717 1072 ad
1735 1043 1912 1074 æternam
1929 1035 2161 1075 memoriam

911 1092 1083 1143 recipiat,
1097 1104 1127 1130 e.
1138 1103 1175 1141 g.
1186 1092 1376 1134 Notarius.
1411 1090 1529 1134 Actus
1542 1094 1646 1134 enim
1665 1093 1731 1135 iſte
1741 1093 1864 1135 nullus
1874 1095 1936 1145 eſt,
1954 1092 2021 1134 niſi
2031 1095 2069 1135 in
2078 1094 2160 1147 ſpe-

911 1152 972 1190 cie
993 1164 1012 1189 a
1031 1151 1155 1200 judice
1170 1160 1416 1203 competente
1426 1149 1542 1193 fuerit
1563 1151 1610 1192 ad
1626 1166 1716 1193 eum
1732 1150 1940 1204 delegatus,
1960 1165 2049 1193 cum
2067 1166 2161 1192 con-

913 1208 1118 1247 tentioſam
1136 1207 1440 1257 jurisdictionem
1458 1206 1600 1262 absque
1624 1207 1868 1262 requiſitione
1889 1220 1953 1249 aut
1978 1210 2159 1252 mandato

912 1266 1078 1323 ſpeciali,
1088 1281 1178 1310 cum
1196 1268 1440 1321 jurejurando
1458 1270 1504 1312 ad
1513 1268 1593 1312 acta
1603 1270 1779 1327 præſtito,
1788 1270 1969 1326 expedire
1985 1286 2063 1313 non
2073 1271 2161 1327 poſ-

912 1330 966 1374 ſit.
978 1334 1162 1374 FARINAC.
1176 1328 1207 1373 d.
1218 1329 1238 1372 l.
1255 1346 1287 1376 n.
1300 1344 1375 1383 134.
1386 1332 1478 1383 conf.
1485 1335 1621 1378 HAHN.
1631 1331 1682 1377 ad
1705 1334 1856 1392 Weſenb.
1873 1333 1913 1380 L.
1936 1339 2062 1381 XXII.
2084 1340 2158 1381 Tit.

912 1391 978 1433 IV.
990 1404 1023 1432 n.
1035 1399 1110 1445 4.p.
1124 1394 1189 1442 615.
1199 1392 1292 1443 conf.
1299 1377 1401 1455 Diſp.
1413 1399 1472 1434 Pr.
1482 1394 1546 1436 IV.
1556 1391 1670 1434 adtit.
1680 1404 1710 1433 2.
1723 1397 1788 1445 §.5.
1858 1395 2046 1435 Cæterum
2068 1405 2160 1433 cum

912 1444 992 1473 hæc
1009 1444 1189 1485 probatio
1206 1457 1328 1472 totam
1343 1441 1615 1486 probationem
1637 1453 1725 1474 raro
1744 1432 1930 1487 abſolvat,
1948 1441 2010 1475 ſed
2028 1442 2158 1487 potius

911 1506 992 1554 ejus
1010 1516 1159 1541 tantum
1171 1515 1318 1554 partem
1329 1504 1558 1546 conſtituere
1573 1505 1701 1546 ſoleat.
1719 1507 1910 1546 CARPZOV.
1922 1509 1961 1547 L.
1975 1508 2037 1549 III.
2056 1504 2158 1565 Reſp.

911 1573 966 1609 70.
988 1575 1023 1602 n.
1041 1574 1091 1609 17.
1124 1562 1169 1604 ad
1197 1573 1348 1605 certum
1374 1560 1541 1618 aliquem
1570 1565 1850 1617 peremtorium
1879 1564 2088 1606 terminum
2105 1566 2159 1606 ita

910 1637 990 1667 non
1009 1627 1062 1668 eſt
1082 1623 1272 1678 adſtricta,
1290 1626 1383 1682 quin
1409 1625 1558 1679 potius,
1578 1636 1693 1679 prout
1709 1626 1904 1670 neceſſitas
1923 1627 2062 1682 exigit,
2093 1627 2159 1669 ali-

911 1684 1064 1739 quoties
1083 1687 1204 1739 repeti
1214 1687 1336 1740 poſſit.
1348 1691 1485 1730 SVEND.
1496 1684 1546 1729 ad
1551 1684 1668 1747 Fibig.
1674 1695 1712 1742 p.
1717 1696 1798 1740 541.
1807 1690 1918 1731 BERG.
1929 1687 1980 1730 ad
1986 1688 2018 1730 h.
2031 1700 2056 1731 t.
2067 1688 2159 1746 obſ.1.

908 1753 1021 1782 not.
1000 1753 1037 1794 3.
1040 1753 1119 1790 quo
1142 1753 1270 1779 tamen
1290 1742 1377 1779 caſu
1396 1740 1668 1791 repetitionem
1683 1739 1796 1790 hujus
1814 1743 2001 1781 examinis
2021 1741 2160 1785 ſollici-

912 1809 996 1840 tans
1014 1802 1123 1852 petiti
1143 1802 1401 1842 neceſſitatem
1413 1800 1611 1851 deducat,
1621 1813 1701 1856 quæ
1717 1812 1751 1841 v.
1770 1814 1805 1855 g.
1825 1801 2014 1855 colligitur
2031 1815 2080 1843 ex
2097 1815 2160 1855 eo,

913 1859 940 1903 ſi
962 1862 1000 1901 in
1020 1859 1257 1902 antecedenti
1278 1859 1505 1916 probatione
1521 1862 1559 1902 ſe
1580 1859 1696 1916 plures
1712 1859 1903 1914 articulos,
1921 1862 2092 1915 apprime
2111 1863 2159 1906 ad

912 1919 1050 1962 ſtatum
1068 1917 1182 1961 cauſæ
1196 1918 1520 1964 controvertendæ
1539 1920 1742 1971 facientes,
1761 1921 1941 1973 omiſiſſe,
1959 1933 2023 1963 aut
2042 1925 2160 1964 etiam

912 1991 1035 2019 novos
1045 1977 1166 2020 adeſſe
1183 1979 1313 2022 teſtes,
1331 1979 1584 2030 demonſtret,
1601 1980 1667 2035 qui
1686 1982 1963 2022 accuratiorem
1980 1980 2069 2023 facti
2086 1996 2157 2023 no-

912 2042 1038 2080 titiam
1046 2037 1232 2087 habeant,
1248 2052 1364 2092 quam
1375 2038 1447 2090 illi,
1465 2051 1633 2093 quorum
1652 2042 1851 2083 enunciata
1877 2050 1986 2083 antea
2004 2042 2158 2085 admiſſa

911 2102 1078 2145 fuerunt.

1032 2164 1143 2205 XIIX.
1174 2159 1378 2218 Reliquum
1398 2160 1461 2214 eſt,
1475 2173 1517 2203 ut
1526 2162 1683 2205 effectus
1703 2160 1940 2219 probationis
1960 2163 2089 2207 noſtræ
2108 2165 2156 2207 ad

910 2228 1137 2273 perpetuam
1162 2219 1217 2258 rei
1242 2219 1474 2261 memoriam
1500 2218 1675 2274 ſuſceptæ
1702 2221 1948 2271 aſpiciamus,
1988 2233 2155 2275 quorum

908 2279 1119 2327 præcipuus
1139 2275 1350 2315 collocatur
1363 2277 1400 2314 in
1423 2288 1484 2324 eo,
1494 2276 1598 2330 quod
1616 2277 1662 2318 de
1683 2266 1919 2330 depoſitione
1939 2279 2088 2321 teſtium
2111 2279 2156 2319 fi-

910 2337 956 2376 de
979 2336 1129 2390 publica
1142 2337 1298 2389 conſtat,
1314 2353 1361 2378 ex
1374 2337 1439 2378 illo
1456 2340 1640 2379 nimirum
1663 2347 1861 2391 tempore,
1878 2352 1957 2394 quo
1977 2338 2155 2381 conſum-

906 2408 1006 2438 mata
1028 2396 1111 2438 fuit.
1174 2400 1274 2437 Eam
1274 2404 1369 2438 vero
1387 2409 1429 2437 ut
1449 2411 1497 2438 eo
1514 2398 1649 2440 melius
1665 2398 1899 2454 adipiſcatur,
1908 2399 2068 2442 Rotulus
2085 2405 2154 2442 At-

907 2457 1150 2499 teſtationum
1181 2454 1420 2509 conſignatur
1449 2457 1583 2499 ordine
1607 2456 1833 2511 ſingularum
1867 2457 2155 2513 reſponſionum

906 2519 1120 2573 obſervato,
1133 2518 1205 2561 vid.
1217 2523 1259 2562 R.
1278 2523 1304 2564 I.
1322 2519 1354 2563 d.
1398 2523 1416 2563 A.
1437 2522 1531 2573 1654.
1544 2518 1575 2574 §.
1579 2534 1641 2574 32.
1662 2522 1699 2562 &
1717 2524 1756 2563 in
1774 2523 1917 2575 judicio
1940 2522 2156 2576 obſignatus

909 2575 1125 2633 deponitur,
1143 2578 1179 2619 &
1198 2577 1409 2622 aſſervatur.
1429 2582 1471 2623 O.
1481 2582 1522 2625 P.
1536 2581 1570 2625 S.
1584 2580 1617 2625 h.
1636 2594 1661 2625 t.
1678 2577 1776 2625 verb.
1794 2579 1948 2631 Wann
1970 2590 2058 2628 nun
2075 2583 2155 2629 das

1955 2628 2157 2699 Gezeuch⸗
