1602 2516
489 330 554 374 48

495 421 620 460 Chriſti
649 432 727 468 prae
756 422 896 469 Angelis
925 422 1195 472 praerogatiuas,
1226 432 1296 463 tum
1320 426 1408 465 hanc

489 487 591 521 etiam
616 497 647 521 v.
676 495 726 522 10.
759 486 868 533 (coll.
891 500 922 522 v.
943 490 1000 533 2.)
1023 495 1285 538 commemorat,
1313 492 1408 540 quod

490 551 552 598 ipſi
574 563 680 599 aeque
701 565 740 588 ac
761 553 905 592 Iehouae
929 554 1005 600 (Pſ.
1023 560 1070 602 Il,
1098 556 1199 604 26.),
1235 560 1324 594 coeli
1340 567 1408 597 ter-

487 629 615 664 raeque
641 621 767 655 creatio
787 618 963 657 tribuenda
990 620 1066 661 ſit.
1089 623 1269 660 Contineri
1292 631 1404 661 autem

489 685 579 722 hanc
595 683 788 723 ſententiam
806 686 917 724 verbis
930 700 961 726 v.
978 697 1049 725 10.:
1072 693 1117 725 Συ
1137 702 1195 726 ϰατ
1213 701 1312 733 αϱχας
1326 703 1405 734 ϰυϱιε

490 767 561 803 την
561 767 622 804 γην
646 742 881 805 εϧεμελειωσας,
911 765 959 774 ϰαι
974 765 1046 786 εϱγα
1067 765 1126 775 των
1145 766 1256 785 χειϱων
1274 767 1309 803 σȣ
1333 767 1403 779 εισιν

490 835 513 838 οι
527 832 641 849 ȣϱανοι,
665 828 701 842 vt
715 821 849 854 planum
871 820 945 848 fiat;
967 820 1111 859 primum
1127 817 1282 850 vniuerſe
1296 807 1329 851 v.
1346 830 1400 851 10.

486 888 592 928 ineſſe
608 888 754 939 aliquid,
787 893 880 939 quod
894 894 934 929 ad
957 892 1118 944 Chriſtum
1136 892 1275 944 ſpectet,
1307 897 1403 935 dein-

484 958 530 993 de
544 958 589 987 ita
601 954 702 988 verba
713 951 769 989 illa
777 954 821 990 ad
830 953 1000 992 Chriſtum
1016 952 1147 999 referri,
1161 947 1204 1009 vt
1212 967 1281 999 eum
1292 954 1404 995 mundi

472 1022 663 1062 creatorem
679 1023 735 1074 eſſe
750 1027 941 1070 declarent,
969 1027 1212 1068 oſtendendum
1228 1030 1321 1069 eſt.
1336 1033 1402 1069 At-

486 1103 554 1139 que
566 1092 650 1129 illud
665 1093 822 1141 quidem,
838 1094 860 1130 ſi
876 1095 957 1143 quid
972 1096 1093 1140 video,
1109 1106 1178 1132 tum
1195 1110 1237 1133 ex
1249 1098 1293 1148 iis
1308 1097 1398 1148 ipſis,

483 1168 572 1203 quae
602 1168 633 1190 v.
647 1167 722 1193 10-
738 1167 796 1194 12.
825 1158 1004 1202 dicuntur,
1028 1167 1107 1201 tum
1128 1168 1171 1197 ex
1187 1170 1305 1200 eorum
1322 1169 1400 1199 cum

482 1222 759 1261 antecedentibus
775 1229 810 1261 et
824 1222 1109 1276 conſequentibus
1126 1229 1311 1265 collatione
1332 1232 1401 1266 cla-

484 1294 608 1335 riſſime
618 1301 721 1345 patet,
737 1305 808 1331 non
817 1291 921 1349 poſſe,
935 1308 1022 1350 quae
1036 1297 1080 1335 de
1096 1309 1209 1343 ȣϱανοις
1219 1312 1251 1337 v.
1264 1311 1328 1337 10-
1342 1310 1401 1341 12.

1317 1366 1400 1406 aſſe-

580 1531 608 1558 L.
619 1531 647 1559 ll.
667 1538 691 1563 p.
704 1533 770 1565 79),
794 1539 820 1558 et
829 1530 856 1559 in
875 1532 983 1566 regendo
990 1531 1110 1561 vniuerſo
1123 1539 1240 1568 tanquam
1253 1535 1345 1563 vicario
1358 1536 1395 1565 vti

580 1586 618 1619 (v.
632 1595 653 1618 g.
674 1589 698 1613 in
717 1589 761 1616 Tr.
774 1593 840 1624 πεϱι
861 1595 1003 1626 γεωϱγιας
1018 1602 1041 1626 p.
1064 1590 1136 1625 cit),
1149 1594 1272 1620 clariſſime
1297 1595 1395 1626 doceat.

580 1630 659 1660 Quam
679 1627 777 1661 quidem
793 1630 953 1663 opinionem,
977 1632 1087 1666 pluribus
1105 1634 1169 1658 forte
1188 1635 1332 1667 probatam,
1349 1643 1395 1667 op-

577 1682 684 1708 pugnare
697 1675 714 1711 ſi
726 1678 874 1710 propoſitum
888 1686 939 1703 erat
950 1681 1041 1708 Paulo;
1062 1679 1177 1713 aptiſſima
1194 1681 1251 1707 ſane
1268 1681 1325 1708 huic
1333 1691 1393 1709 con-

580 1724 632 1748 ſilio
654 1732 737 1751 erant,
768 1734 831 1756 quae
851 1733 876 1751 et
893 1727 922 1752 C.
936 1728 968 1757 ll,
990 1735 1012 1761 5.
1032 1734 1057 1753 et
1074 1727 1099 1754 C.
1114 1728 1137 1755 l,
1157 1733 1178 1756 5.
1191 1727 1252 1762 ſqq.
1268 1730 1393 1760 dicuntur.

575 1778 674 1808 Nempe
693 1777 795 1801 Meſſiam
817 1781 948 1809 Apoſtolus
968 1783 1000 1803 ita
1019 1787 1049 1811 et
1057 1785 1109 1813 ϥον
1123 1773 1182 1805 Θεȣ
1200 1780 1269 1808 ſenſu
1281 1783 1394 1807 eminen-

574 1822 660 1844 tiſſimo
674 1830 699 1843 et
712 1822 871 1852 imperantem
890 1822 992 1849 vniuerſi
1006 1833 1031 1847 et
1043 1833 1175 1849 creatorem
1188 1826 1272 1850 mundi
1291 1827 1335 1851 eſſe
1351 1827 1394 1851 de-

577 1877 665 1905 clarat,
686 1884 714 1900 vt
726 1877 839 1911 Angelis
851 1879 977 1913 vniuerſe
984 1885 1111 1912 tanquam
1130 1881 1259 1914 miniſtris
1270 1884 1323 1909 Dei
1332 1891 1394 1908 eun-

575 1925 631 1943 dem
649 1929 763 1952 opponat
808 1929 875 1954 Quin
888 1927 966 1948 immo
977 1925 1071 1949 iisdem
1083 1927 1154 1957 plane
1175 1921 1286 1956 verbis,
1299 1928 1395 1959 quibus

568 1979 682 2005 Iehouae
696 1979 721 2004 in
736 1980 766 2005 V.
778 1981 812 2008 T.
831 1980 921 2005 creatio
935 1979 1040 2009 vniuerſi
1051 1982 1212 2013 adſcribitur,
1228 1984 1324 2010 Chriſto
1333 1990 1391 2010 ean-

572 2031 625 2056 dem
641 2032 736 2061 tribuit.
