2056 2857
854 558 968 586 contra
981 546 1113 587 hoſtem
1137 545 1256 585 educit.
1275 560 1380 598 parvo
1400 545 1577 587 dirimente
1600 548 1777 588 intervallo
1799 547 1900 588 caſtra

853 602 958 655 ponit.

928 663 1028 699 XXV.
1050 660 1205 696 Proxima
1220 655 1297 694 inde
1313 659 1412 695 nocte
1420 656 1545 702 Volſci,
1566 656 1730 695 diſcordia
1744 660 1899 695 Romana

853 708 950 749 freti,
987 705 1010 742 ſi
1036 721 1098 757 qua
1120 709 1283 746 nocturna
1305 707 1452 745 tranſitio
1481 707 1672 759 proditiove
1694 710 1768 746 fieri
1789 707 1899 759 poſſit,

852 770 978 797 tentant
991 761 1097 798 caſtra.
1151 760 1285 799 Senſere
1301 760 1433 810 vigiles:
1449 765 1602 798 excitatus
1618 765 1787 804 exercitus,
1800 760 1897 811 ſigno

854 813 947 851 dato:
975 812 1175 850 concurſum
1191 813 1236 850 eſt
1249 813 1291 850 ad
1303 828 1404 850 arma.
1455 817 1503 852 Ita
1526 814 1644 853 fruſtra
1665 813 1703 852 id
1724 818 1898 864 inceptum

851 868 980 908 Volſcis
1002 867 1076 906 fuit.
1113 865 1278 917 reliquum
1308 867 1416 903 noctis
1446 868 1613 917 utrimque
1643 870 1743 917 quieti
1773 867 1896 904 datum.

853 926 987 965 Poſtero
1010 922 1064 961 die
1084 926 1194 975 prima
1218 923 1292 963 luce
1314 924 1444 969 Volſci,
1477 924 1568 963 foſſis
1592 925 1741 975 repletis,
1769 923 1898 961 vallum

850 970 1018 1012 invadunt.
1071 974 1209 1023 Jamque
1223 973 1261 1008 ab
1279 975 1376 1008 omni
1395 981 1486 1024 parte
1507 976 1718 1010 munimenta
1734 975 1897 1012 velleban-

849 1038 918 1071 tur,
945 1042 1049 1078 quum
1071 1027 1204 1072 conſul,
1226 1042 1427 1079 quamquam
1449 1030 1562 1067 cuncti
1585 1028 1750 1082 undique,
1773 1040 1804 1066 et
1816 1033 1895 1067 nexi

850 1095 924 1120 ante
939 1098 1072 1128 omnes,
1111 1095 1146 1121 ut
1168 1083 1300 1135 ſignum
1319 1083 1425 1129 daret,
1463 1085 1665 1129 clamabant,
1706 1085 1896 1136 experiendi

849 1142 979 1176 animos
994 1139 1141 1175 militum
1155 1136 1259 1175 cauſſa
1274 1151 1454 1189 parumper
1469 1147 1632 1181 moratus,
1653 1138 1830 1190 poſtquam
1851 1137 1897 1176 ſa-

847 1194 888 1228 tis
901 1190 1072 1240 adparebat
1089 1194 1204 1239 ingens
1220 1190 1334 1235 ardor,
1350 1190 1425 1228 dato
1440 1189 1575 1229 tandem
1590 1192 1632 1229 ad
1648 1190 1896 1242 erumpendum

847 1244 962 1295 ſigno,
989 1246 1131 1281 militem
1145 1244 1282 1282 avidum
1298 1248 1484 1283 certaminis
1500 1250 1628 1286 emittit.
1704 1250 1820 1287 Primo
1839 1246 1896 1284 ſta-

847 1303 911 1334 tim
927 1297 1059 1335 incurſu
1073 1297 1157 1347 pulſi
1172 1299 1303 1335 hoſtes:
1324 1296 1545 1349 fugientibus,
1573 1296 1685 1350 quoad
1699 1297 1827 1349 inſequi
1841 1310 1897 1347 pe-

849 1353 904 1390 des
926 1355 1051 1404 potuit,
1076 1361 1165 1401 terga
1189 1353 1293 1390 caeſa:
1318 1367 1417 1404 eques
1441 1351 1543 1405 uſque
1567 1353 1607 1391 ad
1632 1353 1733 1392 caſtra
1753 1353 1895 1406 pavidos

847 1405 924 1453 egit.
964 1416 1047 1439 mox
1071 1401 1139 1453 ipſa
1164 1403 1281 1446 caſtra,
1305 1403 1495 1453 legionibus
1525 1404 1755 1447 circumdatis,
1789 1416 1896 1454 quum

847 1457 992 1498 Volſcos
1019 1455 1099 1493 inde
1125 1460 1226 1492 etiam
1249 1469 1355 1505 pavor
1375 1456 1563 1506 expuliſſet,
1588 1467 1680 1506 capta
1696 1458 1895 1508 direptaque.

845 1513 981 1551 Poſtero
998 1510 1050 1548 die
1066 1510 1107 1548 ad
1123 1510 1268 1548 Sueſſam
1282 1513 1487 1552 Pometiam,
1510 1521 1577 1559 quo
1594 1508 1815 1560 confugerant
1835 1517 1896 1548 ho-

842 1565 925 1609 ſtes,
947 1564 1135 1609 legionibus
1152 1562 1275 1608 ductis,
1301 1566 1388 1599 intra
1405 1575 1528 1614 paucos
1544 1563 1613 1600 dies
1629 1562 1795 1615 oppidum
1811 1567 1897 1614 capi-

844 1625 923 1650 tur:
958 1621 1091 1662 captum
1120 1611 1260 1662 praedae
1286 1611 1408 1650 datum.
1445 1612 1523 1650 inde
1551 1615 1704 1665 paullum
1734 1626 1895 1650 recreatus

844 1685 944 1720 egens
958 1671 1064 1709 miles.
1118 1671 1243 1711 Conſul
1262 1686 1341 1709 cum
1357 1673 1504 1710 maxima
1521 1671 1631 1723 gloria
1650 1672 1707 1711 ſua
1726 1676 1894 1712 victorem

844 1719 1025 1762 exercitum
1039 1726 1190 1762 Romam
1206 1722 1339 1763 reducit.
1363 1723 1579 1763 decedentem
1595 1728 1745 1764 Romam
1766 1729 1895 1763 Ecetra-

841 1797 968 1820 norum
995 1782 1200 1821 Volſcorum
1220 1782 1339 1830 legati,
1362 1784 1458 1820 rebus
1482 1782 1544 1821 ſuis
1566 1787 1719 1821 timentes
1739 1785 1815 1833 poſt
1833 1788 1895 1823 Po-

843 1836 980 1867 metiam
997 1842 1143 1881 captam,
1169 1827 1299 1871 adeunt.
1372 1837 1437 1871 His
1458 1847 1499 1870 ex
1519 1832 1800 1872 ſenatuſconſulto
1817 1833 1891 1872 data

843 1895 919 1932 pax,
938 1880 1021 1932 ager
1036 1885 1194 1921 ademtus.

915 1939 1052 1988 XXVI.
1076 1939 1254 1989 Confeſtim
1283 1953 1315 1979 et
1342 1944 1456 1980 Sabini
1485 1945 1661 1982 Romanos
1690 1946 1895 1981 territavere:

844 1993 1007 2031 tumultus
1031 1998 1124 2030 enim
1147 1993 1213 2031 fuit
1237 1996 1362 2035 verius,
1387 2005 1487 2045 quam
1516 1994 1654 2033 bellum.
1728 1998 1837 2034 Nocte
1856 2000 1894 2033 in

843 2048 926 2084 urbe
942 2049 1137 2083 nunciatum
1152 2046 1215 2089 eſt,
1239 2050 1418 2083 exercitum
1440 2047 1600 2085 Sabinum
1621 2051 1897 2099 praedabundum

845 2107 887 2145 ad
912 2109 1080 2145 Anienem
1105 2118 1242 2142 amnem
1262 2106 1453 2156 perveniſſe.
1476 2109 1523 2146 ibi
1543 2108 1662 2160 paſſim
1680 2106 1780 2158 diripi
1795 2102 1895 2158 atque

845 2155 980 2193 incendi
998 2156 1100 2194 villas.
1152 2155 1272 2195 Miſſus
1282 2155 1449 2206 extemplo
1465 2168 1506 2192 eo
1523 2170 1602 2193 cum
1617 2161 1773 2193 omnibus
1787 2162 1894 2208 copiis

847 2217 998 2263 equitum
1013 2218 1052 2253 A.
1067 2213 1272 2255 Poſtumius,
1293 2216 1349 2264 qui
1360 2212 1507 2252 dictator
1520 2215 1611 2254 bello
1635 2217 1755 2253 Latino
1777 2213 1893 2253 fuerat.

844 2265 970 2303 ſecutus
987 2266 1102 2312 conſul
1119 2265 1274 2305 Servilius
1290 2280 1369 2302 cum
1385 2265 1510 2304 delecta
1521 2265 1673 2317 peditum
1689 2281 1800 2304 manu.
1825 2268 1894 2306 Ple-

843 2315 964 2368 roſque
977 2319 1121 2367 palantes
1145 2330 1243 2369 eques
1267 2320 1495 2355 circumvenit.
1525 2332 1587 2356 nec
1600 2320 1787 2358 advenienti
1801 2320 1894 2371 pedi-

843 2385 916 2410 tum
938 2379 1064 2424 agmini
1092 2378 1206 2416 reſtitit
1228 2376 1347 2413 Sabina
1369 2373 1471 2425 legio.
1546 2378 1648 2422 Feſſi,
1675 2387 1748 2414 tum
1764 2381 1892 2416 itinere,

842 2440 915 2467 tum
930 2429 1148 2482 populatione
1163 2431 1346 2475 nocturna,
1374 2433 1497 2481 magna
1515 2443 1590 2482 pars
1610 2435 1650 2474 in
1671 2432 1756 2475 villis
1777 2432 1894 2489 repleti
