2547 2920
939 887 991 920 An
1011 885 1152 928 imposſi-

938 936 1008 969 bilis
1019 935 1132 969 condi-

935 980 983 1018 tio
994 974 1086 1015 hodie
1090 984 1147 1012 pro

940 1033 1005 1048 non
1019 1018 1130 1049 adjecta

940 1065 1092 1103 habeatur.

1716 823 1753 871 §.
1782 820 1811 861 I.

1152 884 1248 983 N

1248 884 1323 929 On
1338 883 1442 929 adeo
1458 883 1675 942 quicquam
1689 884 1732 927 in
1746 886 1829 932 hoc
1843 890 1904 928 tit.
1922 897 2160 939 occurrere,
2186 889 2300 947 quod
2317 899 2360 931 u-

1269 941 1311 987 ſu
1325 941 1404 988 fori
1419 942 1467 984 ſit
1481 944 1765 992 immutatum,
1780 942 2004 994 exiſtimo,
2021 945 2184 1005 proinde
2198 943 2268 1005 illa
2275 958 2358 991 tan-

1166 1010 1257 1041 tum
1274 1006 1414 1056 paucis
1429 1012 1620 1061 tangam,
1648 1006 1700 1047 de
1716 1018 1893 1063 quorum
1911 1007 1983 1053 uſu
1998 1007 2171 1056 dubitari
2189 1016 2360 1067 poterat.

1162 1061 1303 1107 Primo
1336 1059 1524 1114 conſtat,
1561 1063 1841 1111 conditionem
1866 1068 2102 1121 impoſſibilem
2127 1070 2194 1113 vel
2219 1078 2356 1124 turpem

1164 1121 1232 1152 aut
1256 1115 1471 1167 deriſoriam
1487 1128 1564 1156 pro
1587 1126 1675 1158 non
1700 1117 1840 1174 ſcripta
1853 1117 2011 1171 haberi,
2033 1116 2132 1162 ſalva
2154 1116 2355 1165 nihilomi-

1161 1193 1240 1225 nus
1255 1165 1518 1233 inſtitutione
1517 1167 1689 1251 heredis.
1720 1187 1793 1236 l.9.
1807 1188 1835 1228 l.
1850 1199 1907 1236 14.
1925 1190 1951 1228 l.
1965 1202 2022 1236 27.
2036 1191 2082 1241 ff.
2092 1190 2126 1230 h.
2132 1183 2170 1229 v.
2189 1194 2252 1240 l.3.
2260 1191 2310 1245 ff.
2317 1190 2359 1229 de

1164 1232 1293 1273 condit.
1330 1233 1353 1275 &
1366 1234 1552 1276 demonſtr.
1593 1233 1696 1279 Non
1705 1234 1847 1280 deſunt
1857 1247 2005 1285 tamen,
2022 1234 2094 1291 qui
2110 1235 2356 1283 exiſtimant,

1163 1288 1288 1332 hodie
1301 1288 1595 1334 inſtitutionem
1609 1289 1732 1347 ipſam
1747 1293 1876 1336 vitiari
1889 1293 1930 1336 &
1952 1293 2071 1349 plane
2089 1295 2243 1341 nullam
2266 1294 2355 1342 eſſe,

1165 1358 1244 1400 qua
1252 1347 1295 1388 in
1305 1346 1495 1392 ſententia
1509 1352 1567 1393 eſt
1577 1350 1867 1402 Grönewegen
1883 1352 1935 1393 ad
1944 1354 1977 1404 §.
1996 1368 2038 1396 10.
2055 1359 2093 1404 J.
2112 1358 2156 1398 de
2172 1358 2280 1408 inſtit.
2297 1357 2356 1398 he-

1165 1407 1244 1444 red.
1266 1397 1463 1457 judicans,
1478 1405 1582 1448 hanc
1597 1403 1901 1461 diſpoſitionem
1907 1407 2000 1461 juris
2008 1407 2152 1455 Civilis
2161 1408 2362 1468 abrogan-

1166 1461 1258 1503 dam
1275 1460 1362 1505 eſſe.
1417 1462 1609 1507 Similiter
1633 1462 1776 1510 Simon
1799 1478 1875 1509 van
1891 1462 2031 1508 Leven
2052 1470 2092 1508 in
2107 1470 2266 1524 Cenſura
2287 1471 2355 1524 for.

1166 1516 1227 1555 lib.
1238 1525 1267 1561 3.
1288 1526 1317 1555 c.
1328 1526 1362 1564 5.
1379 1528 1414 1556 n.
1430 1529 1479 1565 25.
1496 1507 1543 1561 &
1557 1523 1609 1560 26.
1642 1528 1757 1575 urget
1779 1517 1962 1564 moribus
1985 1520 2190 1568 hodiernis
2215 1514 2353 1568 condi-

1165 1576 1322 1622 tionem
1338 1591 1411 1637 per
1427 1577 1465 1623 ſe
1480 1577 1763 1638 impoſſibilem
1778 1579 1907 1642 ipſam
1926 1581 2224 1642 diſpoſitionem
2242 1586 2353 1632 vitia-

1162 1647 1223 1684 re,
1247 1634 1495 1695 perindeque
1517 1638 1655 1684 haberi
1669 1654 1717 1686 ac
1739 1641 1768 1685 ſi
1790 1640 1956 1688 ridicule
1973 1646 2010 1692 &
2025 1642 2189 1689 ludendi
2216 1646 2385 1691 animo

1161 1695 1260 1740 nihil
1277 1695 1519 1756 diſpoſuiſſet
1531 1697 1711 1748 teſtator.
1773 1702 1927 1748 Verum
1947 1702 2292 1760 quemadmodum
2307 1714 2350 1752 u-

1160 1758 1302 1807 terque
1323 1749 1549 1796 admodum
1570 1753 1695 1801 facilis
1714 1753 1790 1800 eſſe
1800 1755 1910 1809 ſolet
1924 1756 1965 1804 in
1988 1750 2172 1812 negando
2195 1760 2269 1804 uſu
2295 1759 2359 1814 ju-

1158 1801 1212 1844 ris
1236 1800 1375 1846 Rom.
1394 1805 1447 1846 ita
1479 1815 1568 1847 non
1602 1814 1697 1849 tuto
1735 1806 1784 1851 iis
1815 1805 1918 1851 fides
1950 1809 2024 1853 hac
2062 1810 2105 1852 in
2133 1822 2176 1854 re
2214 1802 2347 1858 haberi

1158 1864 1305 1919 poteſt.
1384 1862 1544 1912 Scilicet
1570 1865 1738 1923 quando
1769 1877 1934 1925 urgent,
1968 1868 2140 1919 deficere
2169 1873 2237 1920 hic
2264 1871 2350 1920 ſeri-

1157 1927 1220 1955 am
1240 1917 1493 1959 voluntatem
1510 1919 1737 1967 teſtatoris,
1765 1918 1917 1975 aliquid
1939 1919 2199 1979 ſupponunt,
2237 1915 2347 1981 quod

1157 1972 1301 2017 ſtatum
1318 1977 1601 2018 controverſiæ
1616 1987 1757 2020 mutat.
1814 1977 1968 2038 Neque
1987 1982 2081 2040 enim
2109 1972 2346 2041 credendum

1155 2037 1232 2088 eſt,
1266 2030 1389 2093 JCtos
1407 2032 1584 2093 Romanos
1613 2041 1646 2085 in
1660 2041 1726 2087 illa
1733 2034 1930 2094 ſententia
1936 2042 2064 2096 fuiſſe,
2081 2047 2133 2104 ut,
2142 2045 2346 2106 ſuppoſito

1156 2089 1241 2136 hoc
1251 2083 1473 2150 principio,
1497 2094 1612 2153 quod
1626 2096 1791 2143 teſtator
1807 2097 1911 2144 ſerio
1929 2097 2139 2158 diſponere
2152 2098 2346 2149 noluerit,

1154 2153 1223 2187 aut
1238 2143 1386 2188 mentis
1404 2158 1584 2202 compos
1602 2161 1690 2191 non
1706 2151 1846 2201 fuerit,
1858 2148 2119 2197 nihilominus
2137 2153 2344 2200 teſtamen-

1154 2218 1246 2252 tum
1268 2207 1454 2254 effectum
1478 2210 1622 2256 habere
1647 2212 1914 2263 crediderint,
1944 2213 2009 2258 ſed
2032 2215 2181 2275 ubique
2210 2215 2346 2276 potius

1153 2257 1417 2316 ſuppoſuere,
1446 2262 1703 2312 teſtatorem,
1730 2267 1855 2307 talem
1875 2265 2157 2313 conditionem
2172 2260 2344 2327 impoſſi-

1153 2314 1275 2358 bilem
1304 2317 1570 2370 adjicientem,
1599 2323 1639 2359 &
1661 2323 1757 2364 ſanæ
1782 2324 1931 2363 mentis
1957 2323 2066 2365 fuiſſe
2099 2328 2118 2366 &
2145 2327 2248 2371 ſerio
2273 2315 2343 2365 diſ-
