2814 3246
338 499 393 538 eſt
419 501 637 545 Arthritidi,
675 509 717 538 ut
739 499 884 545 redeat;
925 502 1051 552 plures
1068 495 1172 541 enim
1202 503 1298 548 vidi,
1334 505 1399 551 qui
1419 503 1492 540 hoc
1518 503 1652 542 morbo
1670 506 1835 555 graviter
1857 508 1967 545 decu-

336 552 519 596 buerunt,
564 552 584 589 &
603 551 727 600 poſtea
757 551 905 601 penitus
936 556 1110 604 immunes
1132 553 1317 593 vixerunt.
1370 555 1479 592 Unde
1505 556 1647 593 notavit
1672 558 1852 593 Aretaeus
1873 561 1967 602 (o):

333 603 450 647 Haud
453 601 566 652 facile
578 600 717 650 quidem
739 604 905 641 continua
918 604 1086 653 Podagra
1097 601 1284 650 gignitur,
1312 602 1381 652 ſed
1399 616 1645 654 nonnunquam
1669 605 1772 654 longo
1796 609 1964 661 temporis

335 652 517 688 intervallo
533 651 804 695 intermittitur;
832 653 944 690 tenuis
957 655 1050 689 enim
1063 651 1127 699 eſt,
1155 653 1199 691 &
1214 654 1253 690 in
1269 652 1361 691 ludis
1385 652 1563 702 olympicis
1580 650 1811 703 podagricus,
1836 655 1964 698 ſedato

333 700 474 750 morbo,
514 702 615 751 curſu
638 702 819 742 victoriam
838 701 988 755 adeptus
1010 705 1067 753 eſt.
1132 704 1170 742 Si
1193 715 1284 761 ergo
1313 700 1527 755 inopinatus
1558 706 1684 754 dolor,
1725 707 1862 756 absque
1898 711 1965 748 alia

338 752 439 791 cauſa
464 753 668 801 manifeſta,
695 755 803 809 pedis
825 763 989 794 extrema
1013 761 1192 799 occupet,
1223 763 1355 806 ſponte
1379 760 1441 797 vel
1468 758 1612 797 levibus
1641 758 1836 804 remediis,
1871 759 1965 797 intra

338 809 478 847 paucos
499 803 591 846 dies,
617 801 747 838 ſenſim
763 801 947 848 minutus,
973 792 1182 851 evaneſcat,
1210 802 1313 842 nullo
1330 803 1487 854 veſtigio
1503 805 1651 851 relicto,
1688 805 1857 855 Podagrae
1876 803 1966 861 juſta

332 851 491 902 ſuſpicio
517 852 591 896 eſt;
630 862 724 902 quae
743 860 917 903 augetur,
945 852 972 891 ſi
991 846 1138 900 cauſae,
1165 867 1256 893 mox
1281 856 1570 900 enumerandae,
1608 856 1750 895 fuerint
1782 858 1969 907 praegreſ-

336 901 417 946 ſae:
466 901 708 943 confirmatur
731 914 854 946 autem
886 903 1063 951 omnino,
1109 906 1135 945 ſi
1161 920 1251 945 vere
1277 907 1340 945 vel
1369 916 1550 947 autumno
1579 916 1784 946 revertatur
1812 904 1966 954 malum,

336 949 564 999 Hippocrate
603 953 657 1004 (p)
677 951 888 994 monente:
918 953 1113 1006 Podagrici
1134 952 1286 1002 affectus
1311 951 1388 994 vere
1408 957 1454 991 &
1481 964 1649 994 autumno
1666 957 1875 1004 plerumque
1895 971 1967 994 mo-

337 994 529 1036 ventur.
533 997 620 1038 Ubi
632 995 841 1046 notandum
862 997 1050 1042 imprimis
1065 989 1144 1043 eſt,
1186 998 1292 1045 quod
1315 998 1553 1050 Hippocrates
1575 1010 1653 1035 non
1678 997 1834 1042 dixerit,
1870 1006 1968 1042 naſci

332 1040 544 1084 morbum;
578 1034 643 1088 ſed
664 1036 814 1080 videtur
833 1037 1025 1090 indicare,
1053 1041 1231 1083 latentem
1259 1044 1296 1084 &
1322 1043 1452 1084 ſenſim
1478 1045 1743 1089 accumulatam
1774 1054 1968 1087 materiam

331 1091 545 1134 morboſam
563 1092 726 1140 moveri,
760 1094 796 1133 &
814 1092 979 1147 diſponi,
1012 1099 1053 1132 ut
1080 1094 1119 1132 in
1136 1103 1235 1133 artus
1255 1094 1423 1134 detonet.
1484 1096 1641 1136 Galenus
1666 1098 1703 1133 in
1731 1100 1968 1136 Commenta-

335 1143 399 1179 riis
444 1144 493 1194 (q)
516 1142 560 1181 ad
585 1141 685 1183 hunc
709 1151 874 1190 textum,
907 1155 1025 1181 verno
1050 1143 1237 1197 imprimis
1256 1153 1427 1198 tempore
1451 1148 1637 1197 Podagrae
1665 1148 1865 1187 recidivam
1891 1162 1966 1187 me-

331 1181 511 1230 tuendam
530 1190 597 1235 eſſe
614 1197 762 1236 monet;
797 1191 902 1242 quod
920 1191 955 1232 &
972 1191 1153 1235 Lucianus
1168 1196 1261 1240 (r),
1285 1201 1353 1241 qui
1370 1196 1470 1233 hunc
1485 1199 1664 1237 morbum
1684 1205 1761 1234 tam
1784 1200 1878 1235 bene
1904 1204 1969 1236 de-

330 1245 486 1298 ſcripſit,
510 1241 767 1298 confirmat:

541 1315 614 1363 Sed
633 1326 771 1376 quando
797 1326 886 1363 ulmi
909 1340 987 1364 vere
1011 1344 1107 1366 tener
1123 1334 1195 1376 flos
1221 1333 1387 1372 abundat,

532 1384 596 1428 Et
618 1397 753 1440 arguta
777 1396 901 1426 cantat
923 1392 965 1426 in
989 1397 1104 1428 ramis
1126 1399 1281 1430 merula:

546 1433 647 1483 Tunc
663 1456 733 1495 per
757 1446 912 1481 membra
935 1461 1080 1483 acutum
1103 1455 1212 1483 telum
1237 1459 1357 1483 haeret
1379 1461 1511 1495 myſtis,

535 1515 749 1572 Obſcurum,
784 1517 920 1563 latens,
956 1510 1094 1576 ſubiens
1117 1517 1259 1577 receſſus
1277 1514 1450 1560 artuum.

330 1619 372 1686 §.
377 1617 535 1688 1255.
571 1618 698 1688 Qui,
730 1617 909 1688 ſemper
909 1618 1072 1688 idem,
1072 1620 1358 1688 quacunque
1358 1625 1565 1688 demum
1565 1629 1708 1688 cauſa
1708 1631 1854 1688 ortus,
1870 1640 1971 1688 ubi

653 1686 821 1731 naturae
822 1688 939 1733 ſuae
939 1688 1181 1741 decurſum
1181 1688 1276 1743 non
1276 1688 1511 1748 turbatum
1511 1688 1732 1759 abſolvit,
1732 1688 1853 1763 ſequi
1870 1688 1968 1755 ſolet

329 1710 499 1772 aetatem
513 1715 673 1761 matura
690 1726 906 1772 majorem,
943 1735 1132 1784 triginta,
1160 1739 1206 1787 &
1222 1740 1425 1803 plurium,
1452 1742 1678 1797 annorum;
1708 1748 1851 1796 ſexum
1872 1751 1965 1802 viri-

331 1789 434 1842 lem:
465 1788 676 1847 ingenium
694 1783 878 1844 acutum,
906 1786 1020 1853 hujus
1042 1788 1230 1853 exercitia
1255 1796 1448 1854 duriſſima
1474 1798 1499 1842 &
1526 1798 1758 1849 protracta,
1789 1811 1967 1841 maxime

331 1848 555 1902 nocturna;
596 1848 753 1893 victum
777 1850 1020 1906 opiparum;
1058 1854 1153 1894 vina
1183 1843 1362 1909 acidula,
1396 1850 1502 1913 alba,
1539 1853 1682 1906 potum
1707 1864 1965 1908 generoſum,

289 1900 649 1959 copioſumque;
681 1899 846 1954 maxime
874 1899 1014 1960 noctu:
1049 1896 1264 1948 Venerem
1278 1915 1600 1959 praematuram,
1636 1912 1759 1949 nimis
1791 1916 1966 1964 cultam;

329 1945 493 2009 Corpus
532 1950 750 2006 magnum,
771 1952 967 2006 craſſum,
999 1951 1192 2015 plenum;
1224 1953 1438 2000 acidorum
1462 1961 1578 2000 uſum
1606 1968 1801 2012 nimium;
1841 1977 1967 2015 pedes

329 2008 512 2051 ſudantes
526 2004 656 2049 ſubito
673 2004 945 2064 refrigeratos,
974 2008 1016 2050 in
1031 2005 1211 2052 humidis
1239 2011 1382 2067 caligis
1400 2016 1605 2062 ſudantes,
1635 2027 1733 2054 hinc
1757 2040 1964 2065 venatum,

330 2060 618 2115 equitationem
638 2062 679 2106 in
702 2053 882 2121 frigore;
913 2061 1200 2109 haereditatem
1229 2071 1269 2109 in
1295 2072 1402 2110 ſeros
1426 2084 1620 2118 nepotés,
1656 2094 1732 2121 per
1754 2095 1967 2119 parentem

329 2116 445 2174 ſaepe
460 2111 641 2163 nondum
658 2110 943 2181 podagricum,
967 2119 1037 2165 ſed
1050 2130 1209 2181 tantum
1229 2129 1320 2171 labe
1345 2134 1510 2178 genitali
1534 2131 1774 2176 damnoſum
1798 2150 1969 2180 genitae

330 2173 455 2234 proli;
484 2166 764 2236 contagium.

408 2265 580 2309 Videtur,
620 2263 674 2301 uti
697 2271 824 2315 poſtea
848 2258 1010 2319 patebit,
1047 2271 1179 2326 ſenſim
1199 2281 1423 2332 accumulari
1456 2286 1550 2336 illud
1578 2291 1617 2338 in
1640 2303 1817 2339 corpore,
1859 2305 1969 2349 quod

328 2327 474 2382 poſtea,
514 2328 551 2366 in
568 2327 685 2378 pedes
699 2329 930 2375 derivatum,
973 2329 1196 2382 podagricos
1224 2334 1375 2372 dolores
1389 2342 1587 2383 producet.
1642 2348 1825 2381 Quamvis
1839 2363 1965 2377 autem

328 2377 491 2424 diverſae
517 2380 720 2420 admodum
745 2383 871 2422 cauſae
893 2385 983 2423 huic
1005 2376 1150 2423 morbo
1163 2380 1351 2435 originem
1370 2392 1480 2431 dent,
1526 2401 1650 2423 tamen
1676 2401 1740 2424 ubi
1770 2412 1877 2425 natus
1900 2409 1965 2438 eſt,

327 2418 486 2469 ſimilem
502 2427 660 2468 omnino
676 2427 878 2469 ducurſum
907 2431 1035 2477 habet,
1067 2428 1142 2470 ſive
1168 2433 1414 2471 haereditario
1435 2446 1515 2482 jurc
1536 2448 1584 2469 ad
1607 2450 1776 2483 poſteros
1801 2457 1969 2504 devene-

1903 2524 1964 2575 rit,

373 2560 432 2600 (o)
453 2560 502 2592 De
524 2559 608 2594 Cauſ.
634 2559 665 2595 &
687 2562 770 2606 Sign.
795 2559 938 2595 Morbor.
960 2563 1090 2597 diuturn.
1105 2559 1184 2597 Lib.
1206 2562 1245 2595 II.
1271 2571 1334 2603 cap.
1360 2576 1409 2594 I2.
1440 2578 1506 2602 pag.
1533 2577 1583 2604 67.
1712 2581 1774 2619 (p)
1803 2578 1881 2599 Sect.
1906 2578 1962 2600 VI.

481 2606 598 2643 Aphor.
616 2618 666 2647 55.
682 2609 818 2642 Charter.
842 2609 939 2644 Tom.
952 2610 1009 2642 IX.
1028 2617 1096 2651 pag.
1113 2610 1185 2652 287.
1329 2625 1400 2659 (q)
1427 2616 1556 2645 Ibidem.
1705 2625 1768 2652 (r)
1790 2621 1887 2647 Tom.
1903 2623 1958 2648 Ill.

481 2652 547 2684 pag.
563 2644 635 2683 641.
647 2648 722 2687 651.
745 2649 818 2688 652.
