2457 2901
341 596 597 641 demonſtrat;
622 595 762 647 quippe
780 594 805 636 ſi
824 594 922 635 hiſce
938 591 1238 644 ingredientibus
1255 590 1406 632 imbutæ
1418 591 1498 629 ſunt
1513 599 1633 637 aquæ,

342 653 389 690 ad
406 651 539 691 harum
557 659 681 690 rerum
700 646 903 689 mixturam
929 656 1021 686 mox
1046 641 1205 686 turbidæ
1225 641 1344 693 fiunt,
1370 641 1573 683 lacteſcunt
1591 644 1631 682 &

343 709 591 755 ſedimentum
613 711 652 753 in
670 708 795 753 fundo
813 706 1025 758 deponunt.

917 755 953 798 §.
1004 754 1069 796 XI.

449 806 650 858 Poſtquam
668 804 783 855 igitur
799 802 1029 843 curatiorem
1055 801 1174 842 noſtri
1192 800 1310 841 fontis
1325 802 1632 850 explorationem

345 865 625 916 adornavimus,
646 862 671 917 &
700 862 915 913 diligentius
933 869 1014 910 quæ
1037 862 1118 905 ejus
1143 858 1343 901 mixturam
1371 855 1631 908 ingrediuntur

344 916 535 957 elementa
550 910 843 965 perquiſivimus,
862 907 987 962 placet
1001 920 1106 952 nunc
1132 908 1474 962 phænomenorum
1491 901 1575 958 quæ
1592 907 1632 947 in

343 971 386 1007 iis
413 966 744 1007 animadvertimus
769 954 1017 1005 collationem
1038 960 1075 1002 &
1100 956 1426 1011 comparationem
1446 957 1634 1007 quandam

346 1020 556 1075 inſtituere,
582 1030 665 1061 cum
689 1020 760 1060 illis
781 1020 862 1068 quæ
871 1027 947 1068 per
964 1016 1068 1058 varia
1085 1016 1314 1061 tentamina,
1338 1014 1376 1053 in
1393 1013 1547 1056 acidulis
1567 1023 1633 1065 per

347 1086 472 1117 totam
483 1074 733 1116 Germaniam
756 1071 877 1122 longo
903 1069 969 1113 uſu
988 1067 1305 1115 celebratiſſimis,
1334 1064 1437 1113 cujus
1459 1066 1633 1117 generis,

345 1127 690 1175 Schvvalbacenſes
714 1129 737 1169 &
740 1125 920 1180 Spadanæ
931 1124 1026 1176 ſunt,
1035 1136 1115 1166 non
1125 1125 1176 1166 ita
1187 1124 1328 1176 pridem
1344 1135 1365 1164 a
1380 1124 1429 1165 D.
1442 1124 1492 1166 D.
1508 1124 1641 1166 PRÆ-

345 1186 458 1230 SIDE
481 1182 684 1228 obſervata
700 1180 739 1221 &
756 1179 910 1235 publica
923 1177 1177 1221 diſſertatione
1192 1176 1386 1228 propoſita
1405 1175 1508 1226 ſunt,
1528 1175 1636 1218 inſti-

347 1243 487 1283 tuere,
526 1241 568 1273 ut
584 1243 634 1274 eo
646 1228 789 1274 clarius
806 1231 923 1274 noſtri
952 1227 1070 1272 fontis
1090 1240 1177 1270 cum
1193 1227 1267 1270 illis
1279 1225 1550 1269 convenientia
1574 1225 1636 1268 vel

343 1284 453 1336 etiam
475 1281 673 1336 diſcrimen
695 1288 881 1330 appareat
893 1273 932 1320 &
953 1277 1165 1320 diluceſcat.
1217 1266 1384 1323 Primum
1405 1285 1499 1316 vero
1515 1273 1638 1315 ratio-

348 1348 408 1378 ne
415 1334 558 1391 ſaporis
566 1334 811 1387 penetrantis
811 1332 1103 1385 quodammodo
1114 1330 1323 1374 vitriolacei
1338 1328 1641 1379 ſubadſtringen-

349 1391 409 1432 tis,
423 1383 478 1439 qui
484 1387 669 1438 genuinus
669 1386 868 1436 aquarum
868 1385 959 1435 quæ
959 1384 1196 1433 acidularum
1201 1392 1348 1424 nomen
1358 1382 1521 1427 tuentur,
1517 1381 1640 1423 index

345 1431 423 1485 eſſe
425 1434 795 1488 ſoſet,conveniunt,
795 1434 886 1479 nec
886 1433 969 1479 non
969 1433 1058 1478 dein
1058 1433 1116 1478 in
1130 1434 1167 1478 eo
1192 1430 1415 1478 conſpirant,
1440 1429 1529 1478 quod
1553 1430 1641 1478 poſt

348 1477 532 1540 injectum
550 1477 674 1541 gallæ
690 1476 875 1537 pulverem
902 1474 1048 1535 ſinguli
1064 1474 1227 1527 brunum
1248 1479 1412 1521 colorem
1442 1472 1649 1527 recipiant.

350 1537 516 1591 Tum
486 1531 520 1591 in
531 1536 610 1581 eo
610 1536 738 1580 ambo
750 1532 1026 1589 æquipollent,
1040 1535 1148 1587 quod
1164 1543 1287 1584 neque
1302 1532 1439 1578 ſolutio
1459 1532 1541 1576 ſalis
1555 1541 1638 1573 tar-

351 1591 447 1636 tari,
469 1585 650 1640 argenti,
670 1582 839 1640 mercurii
860 1607 1070 1633 ſublimati,
1087 1592 1215 1634 neque
1232 1574 1398 1634 ſacchari
1413 1580 1551 1630 ſaturni
1568 1582 1649 1628 ad-

352 1643 471 1683 mixta
495 1643 535 1682 &
557 1638 739 1691 Spadanis
761 1638 801 1680 &
823 1632 1211 1681 Schvvalbacenſibus
1243 1630 1356 1675 ullam
1382 1622 1636 1675 mutationem

350 1701 503 1743 ratione
516 1694 783 1743 pelluciditatis
800 1706 867 1740 aut
883 1691 1221 1750 præcipitationem
1239 1691 1436 1737 induxerit.

905 1755 987 1804 §.
987 1754 1138 1800 XII.

460 1802 594 1853 Atque
594 1799 729 1852 etiam
742 1802 778 1848 in
797 1804 866 1850 eo
866 1798 1140 1849 conveniunt,
1162 1797 1265 1832 quod
1274 1799 1326 1821 ut
1343 1788 1381 1820 in
1399 1777 1579 1831 Spadanis
1600 1797 1649 1820 &

353 1861 773 1911 Schvvalbacenſibus,
819 1854 887 1907 ita
901 1854 1005 1908 etiam
1013 1858 1081 1901 in
1081 1857 1232 1900 noſtris
1247 1855 1413 1907 ſyrupus
1445 1854 1649 1896 violaceus

353 1907 527 1966 pulchre
553 1902 735 1963 viridem
750 1903 945 1961 colorem
963 1905 1322 1952 conciliaverit.
1375 1906 1531 1955 Neque
1553 1914 1641 1945 cum

352 1958 749 2009 Schvvalbacenſibus
777 1964 805 2005 &
813 1958 1010 2014 Spadanis
1024 1953 1173 2012 ratione
1195 1955 1421 2007 ebullitionis
1441 1956 1643 1999 diſconve-

354 2012 498 2068 nientia
512 2011 582 2066 eſt:
594 2015 735 2058 nam
691 2011 730 2067 in
747 2013 897 2067 ſingulis
902 2008 1143 2067 largiſſimus,
1158 2010 1337 2054 inſtillato
1347 2008 1473 2058 ſpiritu
1483 2009 1642 2060 vitrioli,

354 2060 428 2111 vel
436 2061 605 2119 admixto
626 2064 713 2119 vino
725 2065 936 2116 Rhenano,
947 2063 1227 2105 innumerarum
1247 2058 1483 2101 bullularum
1492 2058 1652 2101 adſcen-

350 2113 537 2171 dentium,
559 2115 765 2172 ſubſectus
765 2115 829 2171 eſt
850 2119 1081 2172 proventus,
1099 2113 1153 2170 ita
1170 2113 1321 2161 tamen,
1338 2123 1385 2154 ut
1397 2125 1437 2153 re
1454 2125 1544 2155 vera
1558 2124 1653 2156 ma-

362 2181 408 2217 jor
432 2166 666 2222 ebullitionis
684 2163 828 2228 gradus
845 2170 897 2225 in
920 2167 1058 2223 noſtris
1067 2179 1179 2221 quam
1192 2164 1581 2210 Schvvalbacenſibus
1604 2167 1657 2208 &

356 2220 490 2279 minor
517 2224 567 2265 in
588 2216 770 2274 Spadanis
797 2218 908 2276 fuerit
935 2227 952 2264 a
979 2218 1092 2275 nobis
1116 2215 1311 2272 ſpectatus.
1407 2217 1507 2258 Dein
1537 2215 1576 2256 in
1593 2227 1655 2260 eo

356 2266 646 2331 diſcrepantiam
666 2269 807 2330 nullam
830 2271 953 2330 videre
976 2272 1115 2329 licet,
1123 2265 1241 2323 quod
1249 2266 1540 2313 combinatione
1555 2277 1656 2313 cum
