2430 2894
885 648 969 687 tzog
984 651 1031 677 zu
1045 636 1309 690 Braunſchweig
1325 640 1402 679 und
1420 640 1738 691 Lüneburg...
1771 642 1858 682 nach
1877 643 1955 683 dem
1971 645 2126 686 weiland

886 698 950 737 der
968 695 1215 746 hochgebohrne
1236 698 1355 749 Fürſt,
1400 702 1499 741 Herr
1531 701 1690 742 Wilhelm
1712 702 1774 740 der
1788 698 1941 753 jüngere
1963 703 2118 751 Hertzog

885 767 936 793 zu
952 751 1216 803 Braunſchweig
1234 755 1309 794 und
1321 755 1531 804 Lüneburg,
1569 752 1674 804 unſer
1695 757 1862 807 geliebter
1888 760 1984 799 Herr
2014 760 2120 801 Vater

885 796 1123 855 Chriſtmilder
1160 803 1393 856 Gedæchtnuß
1411 805 1475 847 hat
1511 808 1668 848 weiland
1698 811 1764 848 den
1786 808 2012 857 Ehrenveſten
2048 812 2126 849 und

884 867 1123 917 Mannhaften
1149 869 1285 910 Hilmer
1310 883 1378 908 von
1422 868 1697 921 Münchhauſen,
1729 871 1884 921 Obriſten
1911 873 1986 915 und
1998 872 2121 923 ſeinen

884 918 1018 956 Manns
1037 918 1274 960 Leibes - Erben
1297 920 1353 956 ein
1372 918 1504 968 Geding
1524 925 1593 970 auf
1611 922 1733 959 Braun
1759 923 1867 961 Arnd
1887 936 1953 962 von
1981 927 2119 962 Bevern

884 979 1020 1018 Gütern
1035 982 1071 1018 in
1084 980 1146 1018 der
1163 978 1370 1030 Grafſchaft
1383 979 1558 1028 Everſtein
1574 979 1729 1030 gelegen,
1746 980 1915 1030 gegeben,
1944 982 2021 1022 und
2026 983 2118 1022 dann

879 1033 1072 1082 gemeldter
1098 1049 1167 1074 von
1187 1036 1324 1075 Bevern
1342 1048 1406 1073 vor
1427 1037 1552 1077 Iahren
1572 1038 1681 1078 Todes
1705 1038 2001 1091 verfallen...
2053 1039 2118 1077 wir

882 1087 1048 1128 demmach
1073 1088 1209 1138 ſolcher
1221 1086 1344 1139 ſeiner
1359 1091 1455 1132 Bitte
1472 1092 1508 1130 in
1526 1090 1666 1131 Gnaden
1681 1093 1776 1131 Statt
1790 1088 1931 1143 gethan,
1949 1092 2027 1132 und
2038 1094 2119 1132 Da-

882 1148 958 1186 niel
968 1146 1250 1196 Lithtenbergern
1266 1160 1312 1186 an
1324 1146 1415 1196 ſtatt
1435 1149 1512 1189 und
1522 1151 1557 1189 in
1590 1149 1782 1191 Vollmacht
1798 1148 1878 1202 ſein
1903 1152 2038 1192 Statius
2053 1164 2120 1190 von

883 1198 1149 1251 Munchhauſen
1178 1214 1240 1241 vor
1265 1201 1343 1253 ſich
1373 1203 1449 1244 und
1452 1202 1552 1253 ſeine
1575 1206 1726 1245 Mannes
1742 1205 1863 1245 Leibes
1880 1206 2009 1252 Erben,
2048 1207 2125 1245 und

882 1269 983 1294 wenn
1020 1255 1076 1295 die
1101 1257 1196 1297 nicht
1213 1253 1324 1298 mehr
1337 1257 1558 1306 vorhanden,
1581 1259 1725 1298 alsdenn
1739 1259 1825 1297 auch
1835 1261 1938 1309 ſeine
1963 1263 2119 1302 Brüdern

881 1314 1050 1355 Hilmarn
1065 1316 1142 1354 und
1156 1315 1307 1354 Curdten
1332 1330 1389 1354 von
1391 1314 1649 1367 Münchhauſen
1664 1318 1742 1356 und
1753 1317 1829 1356 ihre
1838 1319 2033 1359 mænnliche
2041 1322 2119 1358 Lei-

882 1371 1214 1414 bes - Lehns - Erben
1235 1374 1292 1412 die
1313 1374 1449 1415 rechten
1472 1375 1594 1414 Linien
1618 1374 1719 1415 Dahl
1739 1374 1896 1417 belehnet
1917 1376 2028 1417 haben
2050 1377 2135 1417 und

880 1433 1046 1475 belehnen
1055 1434 1109 1486 ſie
1129 1432 1249 1476 hiemit
1264 1434 1378 1488 Kraft
1390 1434 1499 1486 dieſes
1525 1433 1672 1490 Briefes.
1694 1436 1752 1491 (b)

1389 1545 1428 1587 §.
1486 1546 1595 1583 XVI.

658 1665 729 1698 Non
737 1672 803 1707 ergo
800 1666 872 1709 fuit

656 1697 830 1738 inueſtitura

653 1744 827 1782 ſimultanea

660 1794 752 1829 pura.

945 1632 1091 1686 QVAE
1105 1634 1243 1678 omnia
1261 1633 1347 1678 ſatis
1365 1634 1577 1688 euincunt,
1605 1634 1877 1682 inueſtituram
1896 1636 2120 1683 ſimultane-

885 1701 949 1732 am
970 1692 1080 1737 caſtri
1096 1689 1444 1748 Dornburgenſis,
1471 1691 1713 1738 HILMARO
1733 1707 1773 1737 et
1799 1710 2034 1741 CVRDTIO
2053 1696 2119 1739 da-

883 1756 991 1800 tam,
1022 1749 1283 1791 conditionalem
1301 1749 1363 1792 ſeu
1379 1750 1618 1793 euentualem,
1641 1762 1701 1798 et,
1724 1750 1838 1804 quod
1856 1752 1941 1794 eius
1955 1752 2011 1795 rei
2021 1765 2119 1795 con-

884 1803 1051 1862 ſequens
1075 1805 1148 1852 eſt,
1185 1806 1419 1862 neutiquam
1440 1819 1570 1860 puram
1594 1809 1731 1862 faiſſe,
1772 1807 1899 1868 qualis
1936 1810 2117 1865 alioquin

884 1858 1114 1913 regulariter
1151 1859 1227 1903 eſſe
1253 1860 1366 1903 ſolet
1405 1852 1634 1904 inueſtitura
1665 1860 1896 1904 ſimultanea
1929 1865 2110 1909 Saxonica.

883 1919 1080 1970 Namque
1111 1918 1473 1962 contradictionem
1501 1918 1751 1964 inuolueret,
1799 1920 2117 1967 condominium

886 1974 984 2015 vtile
993 1967 1110 2015 alicui
1125 1988 1208 2015 non
1227 1975 1294 2016 niſi
1302 1977 1372 2027 ſub
1393 1988 1482 2016 certo
1498 1989 1625 2016 euentu
1645 1976 1840 2026 conferre,
1857 1975 1966 2031 idque
1987 1976 2117 2030 ipſum

887 2026 1021 2067 eidem
1033 2040 1125 2080 pure
1143 2038 1185 2068 et
1197 2041 1283 2070 non
1302 2031 1343 2070 in
1360 2028 1477 2072 iſtum
1505 2040 1702 2071 euentum
1728 2029 1930 2078 conferre.
1997 2033 2115 2076 HIL-

885 2096 1048 2127 MARVS
1069 2097 1107 2128 et
1129 2087 1315 2129 CVRDT
1333 2102 1358 2129 A
1374 2089 1767 2132 MVNCHHAVSEN
1792 2099 2020 2140 eorumque
2036 2103 2113 2142 po-

883 2133 989 2187 ſteri,
1005 2148 1088 2176 non
1106 2136 1174 2177 niſi
1193 2147 1305 2188 tunc,
1336 2138 1481 2177 alsdann
1497 2140 1572 2178 und
1584 2138 1643 2181 ehe
1658 2140 1764 2183 nicht,
1796 2151 1890 2180 cum
1931 2138 2116 2184 STATII

883 2192 1097 2246 progenies
1117 2193 1277 2239 exierit,
1325 2207 1418 2238 cum
1446 2196 1645 2239 STATIO
1678 2195 1908 2240 ſimultanee
1944 2195 2115 2244 inueſtiti

884 2247 985 2297 ſunt,
1003 2249 1045 2291 in
1059 2249 1333 2305 eumdemque
1350 2260 1566 2303 euentum,
1598 2250 1668 2296 ſub
1690 2265 1776 2307 quo
1799 2251 1878 2295 iam
1898 2265 1946 2295 ex
1968 2253 2113 2302 emtio-

2061 2334 2114 2359 ne

924 2402 974 2445 (b)
993 2402 1063 2436 Vid.
1081 2401 1125 2435 ill.
1132 2401 1349 2435 TREVERI
1371 2404 1545 2446 Geſchlechts
1565 2405 1693 2447 Hiſtorie
1708 2404 1759 2436 der
1768 2404 1889 2438 Herren
1902 2416 1959 2438 von
1975 2405 2111 2439 Münch-

1038 2441 1159 2486 hauſen,
1176 2450 1205 2471 in
1222 2445 1371 2481 appendice
1393 2445 1501 2475 docum.
1511 2448 1543 2483 p.
1555 2446 1626 2485 296.
1645 2444 1764 2477 Similes
1779 2444 1923 2479 formulas
1939 2446 2026 2487 ſupra
2038 2447 2110 2485 Cap.

1049 2493 1077 2522 I.
1092 2492 1123 2535 §.
1146 2491 1256 2526 XXX.
1272 2492 1418 2525 dedimus‧
