2251 2654
292 494 524 544 reunionum
541 498 594 540 eſt
607 500 742 553 ereƈta,
754 500 900 544 iubente
917 502 1039 555 Rege,
1057 507 1097 543 in
1115 504 1266 557 epiſtola
1290 520 1388 551 anno
1407 516 1501 563 1679
1516 514 1595 555 Par-

288 558 457 592 lamento
480 552 637 593 Metenſi
659 554 846 608 inſcripta;
867 568 906 595 ea
930 557 1062 599 deinde
1088 560 1257 612 integros
1269 562 1453 614 Ducatus,
1475 579 1517 608 vt
1537 569 1594 609 Bi-

289 602 519 654 pontinum,
545 601 630 640 vide
651 602 838 646 decretum
862 605 1033 649 Camerae
1052 613 1221 650 reunion.
1246 612 1400 654 Metenſ.
1422 615 1468 653 de
1494 628 1594 656 anno

295 657 408 702 1684.
427 664 482 692 10.
498 654 569 694 Ian.
615 658 635 697 &
649 656 873 710 Comitatus,
898 673 939 703 vt
958 658 1303 708 Hanau - Lichtenb.
1328 668 1471 709 Decret.
1489 671 1593 712 Cam.

290 703 465 754 eiusdem
477 706 561 744 anni
577 714 609 753 8.
617 708 689 748 Ian.
698 709 791 764 Regi
806 710 872 754 ſuo
884 711 1066 755 vindicare
1078 716 1208 756 voluit.
1256 719 1337 759 Alia
1352 719 1591 763 Reunionum

292 758 462 808 Camera,
475 759 606 803 Briſaci
616 761 793 812 inſtituta,
805 765 924 806 multa
943 777 1117 808 terrarum
1136 768 1243 817 ſpatia
1256 772 1505 815 Praefeƈturae
1520 777 1592 818 Ha-

295 810 504 863 genauienſi
544 815 565 854 &
589 814 779 867 vtriuſque
801 816 951 860 Alſatiae
971 817 1258 875 Landgrafiatui,
1288 823 1413 865 itidem
1435 826 1522 877 ipſis
1551 830 1592 869 in

285 874 382 902 pace
388 863 639 914 Weſtphalica
654 866 930 918 attributorum,
944 871 1092 910 reunire
1106 872 1230 912 molita
1244 872 1307 924 eſt,
1315 875 1487 928 Reſcript.
1498 879 1589 920 Reg.

308 911 395 953 Gall.
395 911 448 954 de
462 925 559 952 anno
586 919 694 960 1680.
711 929 745 956 2.
754 918 827 957 lan.
867 929 1169 964 THOLOSANVS
1187 923 1228 963 de
1240 922 1429 976 Republica
1448 931 1508 971 lib.
1522 926 1598 979 III

294 963 468 1011 C.VIII.
485 980 519 1006 n.
535 979 564 1004 2.
596 967 628 1014 p.
624 980 670 1007 m.
685 982 748 1016 129.
762 970 807 1009 &
805 970 908 1025 ſeqq.
922 975 1080 1017 rationes
1095 975 1266 1027 quasdam
1280 977 1394 1030 affert,
1402 981 1505 1031 quod
1517 984 1593 1025 Do-

294 1015 505 1055 maniorum
522 1016 689 1057 alienatio
709 1019 781 1057 iuri
802 1023 970 1073 gentium
988 1034 1191 1077 repugnet,
1206 1036 1430 1078 omnemque
1449 1029 1510 1069 hic
1524 1032 1592 1073 ceſ-

291 1068 367 1108 ſare
386 1068 562 1119 temporis
578 1070 756 1113 obieƈtam
778 1074 1119 1130 praeſcriptionem:
1141 1080 1213 1121 Sed
1232 1081 1386 1123 rationes
1403 1080 1514 1134 ipſius
1529 1085 1588 1125 de-

285 1120 370 1160 bito
386 1118 558 1163 videntur
577 1133 697 1163 carere
710 1125 846 1165 valore.
895 1129 992 1170 Non
1006 1131 1105 1170 enim
1127 1130 1309 1184 ſequitur,
1327 1133 1516 1178 ſubſtantia
1536 1136 1590 1179 eſt

288 1169 537 1222 immutabilis,
552 1187 646 1234 ergo
662 1177 704 1215 &
718 1180 925 1225 accidentia.
979 1182 1085 1236 Quid
1101 1183 1127 1225 ſi
1141 1189 1239 1226 enim
1251 1189 1424 1240 Princeps
1440 1189 1589 1230 conſen-

291 1221 402 1262 tiente
418 1220 564 1273 populo
583 1223 721 1275 aliquid
746 1238 792 1266 ex
813 1230 1039 1282 patrimonio
1060 1234 1209 1286 publico
1227 1238 1409 1285 alienaret,
1430 1238 1589 1279 omnino

291 1272 392 1314 aƈtus
407 1275 560 1322 valeret,
579 1274 738 1326 quilibet
754 1280 853 1319 enim
874 1293 999 1321 rerum
1014 1283 1157 1324 ſuarum
1177 1287 1231 1325 eſt
1245 1290 1394 1338 arbiter,
1408 1298 1516 1340 atque
1534 1287 1588 1327 ni-

289 1325 498 1368 hilominus
517 1327 735 1380 Respublica
759 1330 852 1372 ſalua
889 1333 909 1371 &
933 1329 1109 1386 perpetua
1128 1348 1301 1379 maneret.
1359 1343 1443 1382 Nec
1458 1342 1586 1383 maiori

289 1377 414 1418 nititur
430 1376 590 1431 efficatia,
606 1376 871 1424 Patrimonium
881 1385 1077 1436 publicum
1097 1389 1151 1429 eſt
1169 1391 1332 1432 ſanƈtum
1345 1394 1384 1433 &
1400 1392 1591 1449 inuiolabi-

284 1427 342 1474 le,
357 1428 473 1479 igitur
487 1440 611 1482 neque
621 1431 777 1481 alienari,
797 1438 923 1485 neque
938 1439 1010 1478 vlla
1020 1441 1135 1480 amitti
1154 1446 1278 1492 poteſt
1293 1447 1586 1499 praeſcriptione.

298 1480 434 1524 Deinde
458 1485 591 1534 petitio
618 1485 790 1538 principii
818 1487 892 1538 eſt,
916 1491 1031 1538 bona,
1053 1502 1148 1541 quae
1164 1494 1328 1547 Principi
1350 1510 1370 1534 a
1389 1501 1605 1552 Republica

281 1529 587 1583 committuntur,
599 1535 738 1577 vbique
754 1534 913 1590 reſtitui;
930 1541 1019 1584 vt
998 1539 1022 1593 &
1039 1542 1251 1594 Principem
1266 1549 1512 1588 conſentiente
1521 1563 1587 1599 po-

278 1571 398 1631 pulo,
411 1578 454 1619 ad
469 1578 578 1622 iſtum
593 1575 766 1634 modum,
780 1580 860 1637 quo
874 1589 1026 1628 maritus
1039 1598 1106 1627 nec
1124 1596 1373 1633 conſentiente
1389 1613 1506 1636 vxore
1525 1608 1588 1635 do-

273 1644 358 1676 tem
375 1636 528 1679 alienare
541 1637 671 1697 poteſt,
686 1639 900 1687 domanialia
909 1644 1106 1690 diſtrahere
1120 1660 1198 1690 non
1215 1652 1326 1705 poſſe.
1370 1658 1470 1697 Nam
1491 1657 1585 1696 illud

280 1687 341 1728 eſt
354 1701 401 1728 ex
418 1692 499 1729 iure
515 1693 612 1734 ciuili
629 1691 813 1743 Romano,
823 1696 927 1747 quod
945 1696 1065 1751 Reges
1082 1700 1123 1738 &
1137 1708 1324 1752 populum
1343 1718 1419 1746 non
1433 1709 1584 1748 obſtrin-

278 1742 354 1792 git,
374 1752 579 1785 GROTIVS
602 1750 647 1787 de
665 1751 754 1790 I.
731 1744 767 1794 B.
767 1753 823 1791 &.
857 1747 881 1798 P.
894 1752 955 1793 lib.
969 1766 999 1792 2.
1017 1765 1048 1791 c.
1067 1757 1095 1788 6
1110 1754 1199 1804 §.3.
1249 1758 1349 1807 Imo,
1368 1770 1463 1809 quae
1476 1762 1512 1797 in
1530 1760 1583 1798 iu-

276 1800 323 1830 re
345 1791 515 1834 Romano
537 1792 561 1830 l.
569 1804 621 1842 30.
633 1793 684 1846 §.
692 1795 763 1849 fin.
789 1797 835 1838 C.
863 1797 908 1840 de
934 1799 1014 1841 iure
1037 1800 1182 1842 dotium
1203 1813 1455 1859 reperiuntur,
1477 1807 1583 1855 quod

283 1852 340 1881 res
356 1839 499 1891 dotalis,
520 1855 631 1894 quam
649 1845 712 1887 diu
736 1846 813 1889 talis
828 1856 985 1901 maneat,
997 1861 1075 1890 non
1102 1858 1212 1906 poſſit
1231 1863 1436 1909 praeſcribi,
1458 1861 1583 1900 viden-

280 1903 344 1937 tur
372 1889 540 1946 reſtringi
571 1894 706 1938 debere
739 1899 781 1941 ad
810 1905 990 1942 terminos
1027 1911 1320 1958 praeſcriptionis
1356 1912 1580 1950 communis.

292 1945 379 1986 Nam
385 1944 620 2000 praeſcriptio
637 1950 924 2003 immemorialis,
937 1967 1119 2009 nunquam
1133 1962 1289 2010 cenſetur
1302 1961 1452 2012 excluſa,
1471 1975 1580 2016 quan-

290 2000 422 2043 tumque
434 1990 496 2031 lex
508 1995 569 2032 vel
568 1996 751 2049 ſtatutum
768 2013 900 2040 vtatur
907 2013 1078 2043 terminis
1091 2010 1335 2058 generalibus,
1350 2014 1490 2052 Volum.
1506 2017 1581 2055 IV.

280 2047 400 2095 Conſil.
415 2063 463 2101 37.
477 2064 511 2091 n.
523 2058 601 2106 664,
616 2054 662 2096 &
678 2057 747 2100 vol.
759 2073 792 2109 3.
816 2059 913 2112 Conſ.
925 2074 969 2099 21.
986 2074 1019 2099 n.
1034 2075 1090 2113 87,
1106 2064 1227 2113 Marp.
1249 2075 1370 2104 BOER.
1392 2067 1463 2108 dec.
1472 2081 1522 2119 39.
1545 2083 1582 2108 n.

289 2115 316 2142 n.
342 2088 415 2141 Et
428 2098 529 2148 ſunt,
544 2105 608 2152 qui
633 2113 782 2156 putant,
793 2110 919 2146 dotem
943 2112 1218 2161 praeſcriptioni
1239 2123 1302 2158 40.
1323 2126 1404 2153 ann.
1433 2123 1578 2160 ſubeſſe.

270 2165 427 2197 LYNCK.
450 2155 595 2211 reſponſ.
604 2155 656 2213 II.
672 2171 705 2214 n.
728 2177 792 2203 102.
844 2166 982 2207 Vltima
1004 2176 1267 2208 THOLOSANI
1286 2173 1399 2221 ratio,
1424 2176 1470 2213 de
1490 2179 1579 2216 iura-

287 2218 427 2257 mento,
447 2209 553 2260 quod
566 2211 704 2267 Reges
711 2214 735 2268 &
766 2212 952 2268 Principes
976 2228 1100 2257 rerum
1119 2220 1318 2274 potientes,
1339 2227 1383 2264 de
1401 2239 1476 2264 non
1499 2230 1578 2266 alie-

276 2257 403 2300 nandis
425 2260 524 2305 bonis
543 2261 695 2303 dominii
713 2264 965 2319 principatus,
990 2270 1098 2308 etiam
1131 2270 1316 2316 claudicat.
1366 2281 1466 2316 Nam
1491 2283 1575 2319 licet

272 2309 454 2359 Princeps
465 2321 590 2353 contra
607 2314 713 2355 ſuum
730 2328 841 2369 agens
856 2319 1100 2359 iuramentum
1118 2321 1178 2362 fiat
1193 2335 1383 2377 periurus,
1400 2332 1485 2364 inde
1497 2336 1575 2370 nul-

268 2366 352 2404 lum
363 2359 513 2414 alterius
524 2366 597 2407 iuri
610 2370 777 2419 quaeſito
791 2370 969 2412 damnum
985 2372 1117 2413 exoriri
1135 2380 1274 2429 poteſt,
1291 2384 1317 2419 ſi
1329 2386 1369 2419 in
1386 2396 1427 2419 re
1446 2396 1515 2433 per
1538 2387 1580 2423 ſe
