2994 3492
1060 577 1195 618 LIB.
1231 571 1288 618 III.
1343 582 1491 620 TIT.
1528 581 1586 625 IV.

556 671 847 739 QUOD
922 668 1465 744 CUJUSQUE
1530 670 2113 729 UNIVERSIT.

983 785 1413 840 NOMINE
1487 792 1691 848 ETC.

703 915 774 958 Qu.
805 916 830 951 I.
886 915 945 954 An
960 918 1139 964 proprium
1162 909 1346 959 municipis
1338 893 1550 979 ſuffragium
1578 923 1606 957 ei
1624 923 1729 974 proſit
1756 925 1791 960 in
1818 921 1964 962 electione

1250 970 1415 1023 ſyndici?

514 1049 592 1142 A

594 1063 645 1089 FF.
672 1049 729 1098 (I)
753 1061 810 1098 per
830 1047 873 1085 L.
897 1062 931 1093 4.
956 1047 986 1085 h.
995 1055 1042 1099 t.
1053 1050 1082 1091 c)
1136 1043 1206 1093 (2)
1233 1046 1306 1094 quia
1325 1047 1373 1092 jus
1397 1042 1536 1080 liberum
1552 1040 1693 1093 ſuffragii
1710 1045 1815 1082 habet,
1842 1046 1940 1088 quod,
1971 1061 2034 1086 quo
2050 1050 2161 1090 minus

621 1089 681 1127 ſibi
699 1093 759 1137 ipſi
775 1093 844 1121 dari
856 1096 965 1134 poſſit,
984 1097 1102 1123 nullibi
1117 1098 1327 1130 prohibetur:
1350 1097 1448 1130 idque
1462 1097 1522 1129 (3)
1558 1108 1587 1141 in
1611 1097 1709 1144 cauſis
1732 1111 1863 1146 quoque
1883 1103 2015 1145 imperii
2036 1104 2083 1147 ita
2106 1114 2154 1145 re-

516 1164 658 1203 ceptum,
694 1165 773 1188 nam
802 1156 835 1189 in
855 1152 1015 1191 electione
1037 1153 1140 1200 Regis
1153 1150 1396 1186 Romanorum
1434 1161 1564 1194 quoque
1588 1153 1804 1193 unusquisque
1835 1153 2016 1180 electorum
2041 1153 2100 1180 ſuo
2126 1153 2158 1181 ſe

512 1205 667 1257 ſuffragio
683 1207 856 1242 nominare
872 1205 993 1257 poteſt:
1017 1204 1143 1242 HENR.
1159 1204 1343 1252 COCCEJUS
1355 1203 1388 1237 in
1396 1203 1485 1248 Jur.
1491 1205 1584 1253 publ.
1600 1211 1623 1234 c.
1638 1210 1668 1238 8.
1687 1204 1717 1246 §.
1739 1214 1776 1232 n.

618 1297 698 1345 OBJ.
726 1306 800 1344 arg.
819 1294 862 1330 L.
879 1306 912 1338 4.
927 1293 967 1331 de
980 1299 1044 1330 tut.
1058 1294 1079 1331 l.
1090 1291 1157 1340 fin.
1175 1291 1213 1328 de
1234 1288 1290 1340 off.
1306 1296 1413 1337 praet.
1429 1289 1450 1326 l.
1467 1298 1500 1334 5.
1516 1286 1555 1324 de
1581 1284 1639 1335 off.
1649 1287 1789 1339 praeſid.
1815 1286 1870 1322 ubi
1887 1298 1988 1324 nemo
2002 1284 2034 1318 ſe
2050 1284 2157 1333 ipſum

522 1354 668 1385 tutorem
686 1344 739 1383 vel
753 1343 895 1394 judicem
913 1340 1032 1392 eligere
1047 1342 1100 1381 vel
1122 1338 1198 1379 dare
1212 1339 1326 1392 poteſt.

621 1434 727 1471 RESP.
751 1431 867 1481 Neque
886 1431 922 1465 in
943 1428 1056 1467 noſtro
1077 1426 1148 1464 caſu
1162 1425 1314 1475 ſyndicus
1336 1424 1368 1463 ſe
1381 1421 1489 1475 ipſum
1511 1420 1565 1460 dat
1581 1420 1634 1461 vel
1655 1421 1758 1476 eligit,
1794 1420 1849 1457 ſed
1873 1420 2001 1470 eligitur
2033 1432 2051 1452 a
2072 1429 2161 1468 parte

519 1486 655 1531 majore,
691 1475 937 1536 comprehenſo,
951 1481 1077 1531 proprio
1094 1477 1265 1530 ſuffragio.
1284 1479 1320 1523 d)

693 1601 767 1649 Qu.
792 1605 831 1641 II.
882 1599 943 1636 An
945 1597 1078 1647 ſyndici
1091 1601 1127 1634 in
1141 1591 1237 1639 dubio
1259 1598 1300 1637 ad
1301 1603 1420 1633 omnes
1442 1596 1517 1631 lites
1531 1598 1629 1631 etiam
1639 1597 1788 1639 futuras
1810 1598 1983 1628 videantur

1213 1659 1438 1708 conſtituti?

516 1755 583 1826 A

584 1771 714 1798 FFIRM.
767 1759 801 1795 Si
827 1754 896 1795 ſunt
919 1751 1127 1796 univerſales:
1166 1755 1210 1792 L.
1226 1755 1253 1792 6.
1275 1749 1345 1802 §.1.
1361 1750 1439 1788 L.1.
1466 1749 1497 1800 §.
1515 1762 1536 1788 1.
1563 1748 1592 1786 h.
1608 1756 1633 1788 t.
1687 1748 1777 1785 Nam
1797 1748 1942 1797 generali
1957 1746 2161 1797 diſpoſitioni

580 1806 737 1850 tamdiu
752 1805 913 1852 inſiſtitur,
936 1804 1042 1843 donec
1057 1799 1215 1857 quaedam
1231 1805 1439 1856 excipiantur.
1479 1803 1555 1840 Vid.
1574 1816 1605 1851 q.
1612 1805 1686 1850 ſeq.

626 1898 716 1946 OBJ.
747 1893 788 1933 L.
812 1901 856 1936 18.
880 1891 913 1942 §.
938 1902 978 1939 13.
996 1887 1043 1941 ff.
1068 1892 1106 1930 de
1120 1902 1205 1929 mun.
1226 1898 1259 1928 et
1276 1889 1348 1928 hon.
1369 1889 1424 1928 ubi
1441 1886 1570 1936 ſyndici
1593 1899 1824 1936 comparantur
1847 1901 1925 1921 cum
1946 1887 2022 1926 illis,
2047 1889 2103 1932 qui
2124 1885 2165 1917 ad

525 1958 647 1987 certam
667 1943 796 1985 cauſam
812 1943 979 1998 agendam
1003 1945 1054 1983 vel
1069 1942 1312 1983 defendendam
1333 1943 1508 1991 eliguntur.

629 2034 734 2070 RESP.
780 2030 861 2067 Non
882 2034 1124 2077 comparantur,
1154 2023 1212 2063 ſed
1227 2027 1336 2076 potius
1351 2024 1586 2073 disjunguntur,
1616 2036 1651 2058 et
1665 2023 1818 2064 aſſeritur,
1852 2023 1939 2068 quod
1955 2033 2026 2054 non
2039 2030 2166 2054 tantum

524 2081 662 2130 ſyndici,
684 2080 739 2117 ſed
753 2083 850 2120 etiam
866 2078 928 2121 illi,
967 2081 1023 2127 qui
1040 2078 1080 2113 ad
1094 2087 1214 2112 certam
1236 2078 1364 2111 cauſam
1385 2080 1548 2124 agendam
1572 2079 1746 2122 eliguntur,
1767 2077 1861 2107 liberi
1877 2075 1939 2107 ſint
1954 2084 1972 2105 a
1988 2073 2165 2118 perſonali-

526 2138 583 2173 bus
599 2136 761 2173 oneribus.
816 2136 868 2182 (2)
891 2135 1018 2171 Textus
1032 2131 1168 2181 intelligi
1187 2129 1288 2180 poteſt
1306 2129 1347 2167 de
1362 2130 1425 2167 illis
1442 2130 1596 2176 ſyndicis,
1622 2134 1677 2177 qui
1703 2129 1742 2161 ad
1762 2138 1883 2160 certam
1899 2127 2025 2160 cauſam
2039 2127 2167 2165 dantur,

526 2186 634 2237 quales
649 2184 723 2224 ſunt
736 2189 774 2223 in
789 2173 833 2223 L.
845 2189 873 2223 6.
888 2185 920 2234 §.
935 2196 957 2223 I.
968 2183 1000 2221 h.
1015 2189 1041 2220 t.
1058 2185 1080 2218 l.
1089 2190 1147 2228 34.
1163 2186 1194 2229 §.
1209 2197 1232 2217 1.
1244 2186 1287 2217 de
1288 2187 1397 2230 jurej.
1414 2190 1472 2216 etc.
1496 2186 1572 2217 Vid.
1577 2187 1656 2227 ſup.
1670 2186 1725 2213 tit.
1734 2194 1767 2221 3.
1786 2194 1840 2223 qu.
1855 2194 1897 2208 10.

1400 2300 1456 2337 Rr
1482 2310 1502 2336 2

2014 2292 2088 2339 Qu.
2112 2293 2169 2329 III.

572 2425 602 2465 c)
626 2420 713 2454 Plane
734 2419 814 2452 enim
835 2419 856 2451 ſi
875 2419 903 2451 is
927 2426 1046 2460 quoque
1071 2428 1159 2460 quem
1172 2418 1333 2451 decernunt

531 2462 678 2497 numerari
695 2462 788 2504 poteſt
803 2463 835 2493 in
855 2466 1078 2504 computatione
1098 2466 1232 2497 duarum,
1257 2474 1331 2499 quae

529 2503 692 2552 praeſentes
718 2506 773 2538 eſſe
806 2505 914 2539 debent
943 2509 976 2537 in
998 2508 1153 2541 electione,
1191 2514 1330 2545 partium,

528 2551 574 2582 uti
597 2549 772 2580 PAULLUS
800 2548 886 2578 docet
904 2552 937 2577 in
951 2551 971 2576 l.
988 2559 1019 2583 4.
1038 2559 1127 2574 mem.
1145 2562 1206 2574 non
1239 2559 1333 2584 poteſt

530 2611 592 2633 non
630 2596 800 2637 ſuffragium
834 2595 918 2628 ſuum
953 2603 1070 2637 quoque
1105 2599 1159 2626 ſibi
1198 2601 1331 2636 prodeſſe

530 2645 635 2679 electo.

576 2684 611 2725 d)
633 2683 714 2722 Quae
722 2679 868 2724 reſponſio
883 2679 1006 2723 quadrat
1019 2681 1107 2712 etiam
1117 2683 1152 2712 ad
1164 2683 1334 2713 ULPIANI

532 2733 566 2765 in
583 2731 602 2764 l.
619 2738 666 2772 25.
681 2728 714 2762 ff.
735 2728 773 2762 de
785 2737 909 2770 procur.
929 2726 1070 2764 effatum;
1098 2731 1179 2757 conf.
1191 2733 1333 2759 STRUV.

534 2777 643 2821 evolut.
665 2777 709 2811 ad
729 2785 827 2809 exerc.
843 2784 875 2817 7.
904 2774 947 2805 th.
967 2783 1020 2817 43.
1066 2775 1219 2807 BERGER
1247 2776 1336 2815 reſol.

534 2823 593 2867 leg.
614 2820 740 2867 obſtant.
763 2819 793 2852 h.
816 2826 838 2852 t.
860 2828 909 2861 qu.
931 2828 958 2851 I.
1002 2821 1090 2852 ANT.
1111 2819 1333 2852 SCHULTING

535 2879 641 2906 enarr.
656 2867 700 2904 ad
712 2866 813 2903 Pand.
835 2866 866 2904 h.
884 2870 905 2899 t.
925 2872 991 2909 pag.
1006 2860 1083 2907 495.
1121 2864 1208 2901 NIC.
1223 2866 1336 2899 HIER.

1375 2430 1582 2473 GUNDLING
1606 2435 1710 2460 comm.
1734 2425 1779 2459 ad
1794 2429 1880 2468 part.
1900 2425 1998 2466 prior.
2022 2422 2172 2461 Pandect.

1375 2473 1405 2505 h.
1430 2480 1449 2504 t.
1481 2480 1548 2514 pag.
1570 2478 1643 2512 323.
1687 2471 1811 2503 Interim
1832 2471 1864 2501 in
1886 2477 1998 2511 partem
2022 2466 2174 2501 adverſam

1374 2519 1509 2551 abierunt
1522 2518 1785 2549 LAUTERBACH
1799 2523 1891 2555 comp.
1900 2511 1968 2552 jur.
1982 2511 2012 2541 h.
2029 2516 2050 2541 t.
2072 2520 2101 2552 p.
2118 2517 2174 2551 70.

1376 2565 1438 2599 coll.
1452 2562 1550 2597 theor.
1564 2563 1662 2605 pract.
1686 2564 1715 2598 h.
1733 2569 1754 2594 t.
1776 2560 1802 2603 §.
1816 2569 1862 2595 12.
1879 2560 1940 2594 diſſ.
1964 2559 2000 2591 de
2019 2557 2173 2599 Syndicis,

1374 2613 1524 2654 (Tubing.
1549 2609 1660 2652 1656.)
1689 2610 1717 2650 §.
1748 2616 1799 2649 39.
1856 2609 1986 2640 NOODT
2008 2606 2053 2639 ad
2076 2606 2174 2640 Pand.

1378 2652 1409 2684 h.
1422 2658 1447 2683 t.
1469 2659 1534 2693 pag.
1549 2657 1602 2692 94.
1648 2651 1916 2686 WESTENBERG
1928 2647 2026 2688 princ.
2036 2644 2106 2688 jur.
2116 2646 2175 2687 ſec.

1379 2697 1497 2740 Digeſt.
1522 2697 1620 2731 ordin.
1644 2699 1674 2728 h.
1706 2703 1718 2728 t.
1740 2699 1766 2727 §.
1790 2702 1838 2725 10.
1883 2694 1991 2727 MICH.
2012 2693 2173 2727 GODOFR.

1378 2737 1578 2786 VERNHER
1599 2735 1702 2786 ſectiſſ.
1716 2729 1821 2771 comm.
1834 2735 1879 2768 ad
1888 2735 1991 2770 Pand.
2011 2735 2042 2767 h.
2060 2742 2080 2766 t.
2104 2738 2130 2766 §.
2147 2740 2175 2771 5.

1378 2780 1457 2809 viam
1485 2781 1697 2809 intermediam
1724 2775 1816 2814 elegit
1840 2775 1996 2807 BACHOV
2020 2778 2059 2805 ad
2079 2769 2175 2810 prim.

1376 2841 1463 2877 part.
1485 2829 1615 2887 Pandect.
1635 2836 1667 2869 h.
1682 2840 1709 2865 t.
1732 2840 1796 2874 pag.
1814 2830 1894 2875 687.
