<?xml version="1.0" encoding="utf-8"?>
<PcGts xmlns="http://schema.primaresearch.org/PAGE/gts/pagecontent/2019-07-15" xmlns:xsi="http://www.w3.org/2001/XMLSchema-instance" xsi:schemaLocation="http://schema.primaresearch.org/PAGE/gts/pagecontent/2019-07-15 http://schema.primaresearch.org/PAGE/gts/pagecontent/2019-07-15/pagecontent.xsd" pcGtsId="OCR-D-GT-FULLTEXT-201">
  <Metadata>
    <Creator>OCR-D DFG Phase III</Creator>
    <Created>2024-01-19T13:09:07Z</Created>
    <LastChange>2024-01-19T13:09:07Z</LastChange>
    <Comments>ODEM: OCR-D extension for mass digitization (2021-2024)</Comments>
    <MetadataItem type="processingStep" name="layout/segmentation/region" value="ocrd-segment-repair">
      <Labels externalModel="ocrd-tool" externalId="parameters">
        <Label value="False" type="sanitize"/>
        <Label value="5" type="sanitize_padding"/>
        <Label value="0" type="simplify"/>
        <Label value="False" type="plausibilize"/>
        <Label value="0.9" type="plausibilize_merge_min_overlap"/>
        <Label value="0" type="spread"/>
        <Label value="region" type="spread_level"/>
      </Labels>
      <Labels externalModel="ocrd-tool" externalId="version">
        <Label value="0.1.24" type="ocrd-segment-repair"/>
        <Label value="2.65.0" type="ocrd/core"/>
      </Labels>
    </MetadataItem>
  </Metadata>
  <Page imageFilename="https://opendata.uni-halle.de/retrieve/1438ae5a-2000-4e63-b9e8-6e2ffdf4666a/00000050.jpg" imageWidth="1553" imageHeight="2283" type="content" primaryLanguage="Latin">
    <Border>
      <Coords points="276,111 256,2208 1461,2223 1486,160"/>
    </Border>
    <ReadingOrder>
      <OrderedGroup id="ro_1652255841530" caption="Regions reading order">
        <RegionRefIndexed index="0" regionRef="region0006"/>
      </OrderedGroup>
    </ReadingOrder>
    <TextRegion id="region0006" custom="readingOrder {index:0;}" orientation="-1.1078125" readingDirection="left-to-right">
      <Coords points="460,368 1401,385 1373,1958 431,1942"/>
      <TextLine id="region0006_line0001" custom="readingOrder {index:0;}">
        <Coords points="929,376 921,383 811,380 809,375 787,375 785,380 737,382 734,382 729,374 707,373 699,383 622,384 582,382 575,372 564,371 556,380 499,379 495,369 477,369 467,377 460,376 460,417 585,423 687,425 735,423 743,424 751,430 762,430 775,424 796,422 848,422 963,429 972,437 982,438 1006,429 1307,435 1400,434 1400,413 1400,393 1365,393 1360,385 1330,384 1327,391 1318,391 1315,384 1296,384 1292,388 1288,383 1246,383 1240,390 1177,389 1171,388 1168,381 1148,381 1145,388 1048,389 1044,388 1040,379 1013,378 1007,387 960,387 955,387 950,377 945,376"/>
        <Word id="region0006_line0001_word0000" custom="readingOrder {index:0;}">
          <Coords points="497,374 473,374 473,409 679,413 679,383 622,384 582,382 577,376 559,375 556,380 499,379"/>
          <TextEquiv>
            <Unicode>ſertationum</Unicode>
          </TextEquiv>
        </Word>
        <Word id="region0006_line0001_word0001" custom="readingOrder {index:1;}">
          <Coords points="731,378 706,377 706,420 801,422 848,422 873,424 896,424 896,382 811,380 811,379 786,379 785,380 737,382 734,382"/>
          <TextEquiv conf="0.8520587">
            <Unicode>ſingularum</Unicode>
          </TextEquiv>
        </Word>
        <Word id="region0006_line0001_word0002" custom="readingOrder {index:2;}">
          <Coords points="951,380 926,380 925,426 959,428 1003,429 1006,429 1054,429 1054,388 1048,389 1044,388 1041,382 1010,381 1007,387 960,387 955,387"/>
          <TextEquiv>
            <Unicode>ſingulis</Unicode>
          </TextEquiv>
        </Word>
        <Word id="region0006_line0001_word0003" custom="readingOrder {index:3;}">
          <Coords points="1172,388 1145,388 1145,388 1089,389 1089,421 1223,423 1223,390 1177,389"/>
          <TextEquiv>
            <Unicode>credere</Unicode>
          </TextEquiv>
        </Word>
        <Word id="region0006_line0001_word0004" custom="readingOrder {index:4;}">
          <Coords points="1318,390 1245,389 1245,425 1377,427 1377,393 1365,393 1364,391 1327,390 1327,391 1318,391"/>
          <TextEquiv conf="0.87378037">
            <Unicode>ſcidulis</Unicode>
          </TextEquiv>
        </Word>
        <TextEquiv>
          <Unicode>ſertationum ſingularum ſingulis credere ſcidulis</Unicode>
        </TextEquiv>
      </TextLine>
      <TextLine id="region0006_line0002" custom="readingOrder {index:1;}">
        <Coords points="1084,429 1080,439 1019,438 1017,431 1013,430 1001,431 995,438 982,439 972,438 963,430 953,430 949,437 941,437 936,428 922,427 917,435 674,430 669,425 652,425 643,431 624,435 504,431 504,422 499,419 460,418 459,471 649,475 678,475 689,471 737,471 757,475 812,474 814,481 829,484 835,482 840,475 1119,482 1140,482 1148,474 1154,474 1159,482 1218,481 1236,483 1240,486 1250,487 1254,484 1353,488 1399,484 1399,462 1399,451 1339,445 1335,435 1318,435 1314,445 1302,445 1202,441 1200,435 1195,432 1170,431 1166,440 1106,440 1100,430"/>
        <Word id="region0006_line0002_word0000" custom="readingOrder {index:0;}">
          <Coords points="504,422 471,422 470,458 596,460 596,434 504,431"/>
          <TextEquiv conf="0.9019094">
            <Unicode>formae</Unicode>
          </TextEquiv>
        </Word>
        <Word id="region0006_line0002_word0001" custom="readingOrder {index:1;}">
          <Coords points="673,429 646,428 643,431 624,435 614,434 614,461 769,464 769,431 674,430"/>
          <TextEquiv>
            <Unicode>oƈtauae;</Unicode>
          </TextEquiv>
        </Word>
        <Word id="region0006_line0002_word0002" custom="readingOrder {index:2;}">
          <Coords points="810,437 889,439 889,474 810,472"/>
          <TextEquiv conf="0.9043959">
            <Unicode>quas</Unicode>
          </TextEquiv>
        </Word>
        <Word id="region0006_line0002_word0003" custom="readingOrder {index:3;}">
          <Coords points="937,431 919,431 917,435 914,434 914,464 1035,466 1035,438 1019,438 1017,432 999,432 995,438 982,439 972,438 965,431 952,431 949,437 941,437"/>
          <TextEquiv conf="0.926655">
            <Unicode>deinde</Unicode>
          </TextEquiv>
        </Word>
        <Word id="region0006_line0002_word0004" custom="readingOrder {index:4;}">
          <Coords points="1049,438 1049,469 1100,470 1100,435 1081,434 1080,439"/>
          <TextEquiv>
            <Unicode>ad</Unicode>
          </TextEquiv>
        </Word>
        <Word id="region0006_line0002_word0005" custom="readingOrder {index:5;}">
          <Coords points="1200,436 1167,435 1166,440 1125,440 1125,473 1286,476 1286,444 1202,441"/>
          <TextEquiv conf="0.6055654">
            <Unicode>ordinem</Unicode>
          </TextEquiv>
        </Word>
        <Word id="region0006_line0002_word0006" custom="readingOrder {index:6;}">
          <Coords points="1336,439 1316,439 1314,445 1303,445 1303,475 1372,476 1372,448 1339,445"/>
          <TextEquiv conf="0.92038554">
            <Unicode>ele-</Unicode>
          </TextEquiv>
        </Word>
        <TextEquiv>
          <Unicode>formae oƈtauae; quas deinde ad ordinem ele-</Unicode>
        </TextEquiv>
      </TextLine>
      <TextLine id="region0006_line0003" custom="readingOrder {index:2;}">
        <Coords points="1148,475 1140,483 1113,483 1105,489 1083,490 1050,490 1048,483 1044,481 1029,481 1025,490 957,489 951,479 932,479 925,487 922,487 919,480 915,477 902,477 896,487 854,486 714,479 709,472 689,472 679,475 676,480 658,483 578,486 458,482 458,523 599,526 612,521 646,525 688,521 730,522 838,527 843,531 852,531 857,528 921,529 932,531 936,540 952,541 957,540 960,532 965,530 1287,534 1301,539 1306,546 1319,548 1329,547 1337,540 1398,539 1397,499 1228,492 1224,484 1217,482 1207,483 1201,491 1189,483 1159,483 1154,475"/>
        <Word id="region0006_line0003_word0000" custom="readingOrder {index:0;}">
          <Coords points="467,482 467,504 659,507 659,483 658,483 578,486"/>
          <TextEquiv conf="0.7659071">
            <Unicode>mentorum</Unicode>
          </TextEquiv>
        </Word>
        <Word id="region0006_line0003_word0001" custom="readingOrder {index:1;}">
          <Coords points="686,472 686,511 868,514 868,486 854,486 714,479 709,472 689,472"/>
          <TextEquiv conf="0.8402266">
            <Unicode>litterarum</Unicode>
          </TextEquiv>
        </Word>
        <Word id="region0006_line0003_word0002" custom="readingOrder {index:2;}">
          <Coords points="893,486 893,523 1099,527 1099,489 1083,490 1050,490 1048,483 1044,481 1029,481 1025,490 957,489 951,479 932,479 925,487 922,487 919,480 915,477 902,477 896,487"/>
          <TextEquiv conf="0.9086765">
            <Unicode>diſponebat.</Unicode>
          </TextEquiv>
        </Word>
        <Word id="region0006_line0003_word0003" custom="readingOrder {index:3;}">
          <Coords points="1157,480 1155,480 1154,515 1243,517 1243,492 1228,492 1224,484 1217,482 1207,483 1201,491 1189,483 1159,483"/>
          <TextEquiv>
            <Unicode>Huic</Unicode>
          </TextEquiv>
        </Word>
        <Word id="region0006_line0003_word0004" custom="readingOrder {index:4;}">
          <Coords points="1283,494 1268,494 1268,527 1372,529 1372,497"/>
          <TextEquiv conf="0.92063963">
            <Unicode>nego-</Unicode>
          </TextEquiv>
        </Word>
        <TextEquiv>
          <Unicode>mentorum litterarum diſponebat. Huic nego-</Unicode>
        </TextEquiv>
      </TextLine>
      <TextLine id="region0006_line0004" custom="readingOrder {index:3;}">
        <Coords points="692,522 684,532 643,531 637,525 612,522 607,526 605,532 527,536 499,535 494,526 484,525 476,534 457,533 457,536 457,574 520,577 580,575 583,582 593,584 601,582 605,575 650,571 718,574 719,584 725,587 738,586 743,576 886,581 887,588 892,591 910,589 914,581 979,581 1065,585 1312,587 1357,594 1362,597 1397,597 1397,568 1397,562 1391,561 1387,552 1310,548 1297,546 1295,540 1287,535 1272,536 1267,544 1246,544 1241,536 1229,534 1223,538 1221,544 1191,544 1186,536 1175,535 1168,543 1147,545 914,541 822,537 817,536 815,530 810,526 799,526 792,535 785,536 726,535 720,533 715,523"/>
        <Word id="region0006_line0004_word0000" custom="readingOrder {index:0;}">
          <Coords points="487,525 483,525 476,534 467,533 467,558 518,559 518,535 499,535 494,526"/>
          <TextEquiv conf="0.9166437">
            <Unicode>tio</Unicode>
          </TextEquiv>
        </Word>
        <Word id="region0006_line0004_word0001" custom="readingOrder {index:1;}">
          <Coords points="546,534 546,568 650,570 650,531 643,531 637,525 612,522 607,526 605,532"/>
          <TextEquiv conf="0.89420944">
            <Unicode>neptis</Unicode>
          </TextEquiv>
        </Word>
        <Word id="region0006_line0004_word0002" custom="readingOrder {index:2;}">
          <Coords points="716,526 689,525 684,532 676,532 675,572 718,574 718,575 846,577 847,538 822,537 817,536 815,530 812,527 798,527 792,535 785,536 726,535 720,533"/>
          <TextEquiv conf="0.9194668">
            <Unicode>aliquoties</Unicode>
          </TextEquiv>
        </Word>
        <Word id="region0006_line0004_word0003" custom="readingOrder {index:3;}">
          <Coords points="912,540 870,540 870,575 1006,578 1006,543 920,541 914,541"/>
          <TextEquiv>
            <Unicode>operam</Unicode>
          </TextEquiv>
        </Word>
        <Word id="region0006_line0004_word0004" custom="readingOrder {index:4;}">
          <Coords points="1238,535 1226,535 1223,538 1221,544 1191,544 1186,536 1175,535 1168,543 1147,545 1026,542 1026,567 1255,572 1255,544 1246,544 1241,536"/>
          <TextEquiv conf="0.9271385">
            <Unicode>commodauit</Unicode>
          </TextEquiv>
        </Word>
        <Word id="region0006_line0004_word0005" custom="readingOrder {index:5;}">
          <Coords points="1287,535 1283,535 1273,535 1273,578 1375,580 1375,551 1310,548 1297,546 1295,540"/>
          <TextEquiv>
            <Unicode>ſuam.</Unicode>
          </TextEquiv>
        </Word>
        <TextEquiv>
          <Unicode>tio neptis aliquoties operam commodauit ſuam.</Unicode>
        </TextEquiv>
      </TextLine>
      <TextLine id="region0006_line0005" custom="readingOrder {index:4;}">
        <Coords points="629,573 612,575 608,582 593,585 507,586 490,577 456,577 456,592 456,626 503,628 508,625 527,628 599,624 1005,632 1079,635 1085,639 1098,636 1151,636 1396,644 1397,600 1319,597 1317,590 1312,588 1299,589 1293,597 1267,598 1261,598 1259,591 1253,587 1228,587 1223,597 1220,596 1217,587 1202,586 1195,588 1188,596 1125,595 1120,586 1105,586 1100,595 999,593 993,584 978,582 970,584 965,591 892,592 859,590 857,583 853,580 843,580 834,589 657,584 646,583 643,573"/>
        <Word id="region0006_line0005_word0000" custom="readingOrder {index:0;}">
          <Coords points="496,580 467,580 467,614 571,616 571,585 507,586"/>
          <TextEquiv conf="0.9080287">
            <Unicode>Seruo</Unicode>
          </TextEquiv>
        </Word>
        <Word id="region0006_line0005_word0001" custom="readingOrder {index:1;}">
          <Coords points="644,577 611,576 608,582 593,585 587,585 587,612 694,614 694,585 657,584 646,583"/>
          <TextEquiv conf="0.91568434">
            <Unicode>adhuc</Unicode>
          </TextEquiv>
        </Word>
        <Word id="region0006_line0005_word0002" custom="readingOrder {index:2;}">
          <Coords points="857,583 840,582 834,589 716,585 716,615 891,619 891,591 859,590"/>
          <TextEquiv conf="0.8964329">
            <Unicode>memoriae</Unicode>
          </TextEquiv>
        </Word>
        <Word id="region0006_line0005_word0003" custom="readingOrder {index:3;}">
          <Coords points="993,584 969,584 965,591 908,591 908,617 996,619 996,588"/>
          <TextEquiv conf="0.9257467">
            <Unicode>cauſa</Unicode>
          </TextEquiv>
        </Word>
        <Word id="region0006_line0005_word0004" custom="readingOrder {index:4;}">
          <Coords points="1121,589 1103,588 1100,595 1018,593 1018,628 1169,631 1169,595 1125,595"/>
          <TextEquiv conf="0.9117836">
            <Unicode>complura</Unicode>
          </TextEquiv>
        </Word>
        <Word id="region0006_line0005_word0005" custom="readingOrder {index:5;}">
          <Coords points="1218,590 1193,590 1193,590 1193,631 1281,632 1281,597 1267,598 1261,598 1259,591 1259,591 1226,590 1223,597 1220,596"/>
          <TextEquiv conf="0.9012134">
            <Unicode>folia,</Unicode>
          </TextEquiv>
        </Word>
        <Word id="region0006_line0005_word0006" custom="readingOrder {index:6;}">
          <Coords points="1317,591 1303,591 1303,627 1371,628 1371,599 1319,597"/>
          <TextEquiv conf="0.9029307">
            <Unicode>hoc</Unicode>
          </TextEquiv>
        </Word>
        <TextEquiv>
          <Unicode>Seruo adhuc memoriae cauſa complura folia, hoc</Unicode>
        </TextEquiv>
      </TextLine>
      <TextLine id="region0006_line0006" custom="readingOrder {index:5;}">
        <Coords points="699,627 696,628 693,636 665,636 564,633 561,627 546,626 541,628 538,635 527,636 525,629 508,626 501,629 494,638 483,638 476,628 464,627 455,636 455,648 455,677 550,677 553,683 564,685 570,685 574,678 579,676 752,676 784,677 791,685 800,685 809,677 866,680 879,689 888,687 891,681 897,680 973,680 1028,684 1081,683 1117,688 1140,687 1149,692 1156,688 1215,688 1395,696 1396,651 1355,651 1350,643 1336,642 1329,649 1307,649 1304,641 1281,639 1264,642 1260,648 1250,649 1241,641 1229,640 1223,649 1177,648 1171,647 1169,640 1164,637 1144,639 1139,646 1116,645 1108,644 1102,637 1092,640 1075,636 1065,640 1027,639 1014,642 1010,635 1005,633 992,634 987,641 966,638 963,633 937,632 929,638 883,641 719,636 715,627"/>
        <Word id="region0006_line0006_word0000" custom="readingOrder {index:0;}">
          <Coords points="476,629 464,629 464,673 612,676 612,634 564,633 563,631 539,630 538,635 527,636 525,630 500,629 494,638 483,638"/>
          <TextEquiv>
            <Unicode>inſcripta</Unicode>
          </TextEquiv>
        </Word>
        <Word id="region0006_line0006_word0001" custom="readingOrder {index:1;}">
          <Coords points="718,634 693,634 693,636 665,636 631,634 631,667 735,669 735,636 719,636"/>
          <TextEquiv conf="0.9590463">
            <Unicode>modo</Unicode>
          </TextEquiv>
        </Word>
        <Word id="region0006_line0006_word0002" custom="readingOrder {index:2;}">
          <Coords points="810,677 854,678 854,647 760,645 760,676 809,677 809,677"/>
          <TextEquiv conf="0.822158">
            <Unicode>manu</Unicode>
          </TextEquiv>
        </Word>
        <Word id="region0006_line0006_word0003" custom="readingOrder {index:3;}">
          <Coords points="982,640 915,639 883,641 872,641 872,682 890,682 891,681 897,680 973,680 1016,683 1016,642 1014,642 1013,641 987,640 987,641"/>
          <TextEquiv conf="0.9191288">
            <Unicode>puellari.</Unicode>
          </TextEquiv>
        </Word>
        <Word id="region0006_line0006_word0004" custom="readingOrder {index:4;}">
          <Coords points="1106,642 1069,642 1069,681 1121,682 1121,645 1116,645 1108,644"/>
          <TextEquiv conf="0.90222603">
            <Unicode>Sic</Unicode>
          </TextEquiv>
        </Word>
        <Word id="region0006_line0006_word0005" custom="readingOrder {index:5;}">
          <Coords points="1169,643 1143,643 1143,683 1215,684 1215,648 1177,648 1171,647"/>
          <TextEquiv conf="0.91956955">
            <Unicode>ſuos</Unicode>
          </TextEquiv>
        </Word>
        <Word id="region0006_line0006_word0006" custom="readingOrder {index:6;}">
          <Coords points="1243,643 1232,643 1232,680 1363,683 1363,651 1355,651 1351,645 1332,645 1329,649 1307,649 1305,644 1262,643 1260,648 1250,649"/>
          <TextEquiv>
            <Unicode>inſtituit</Unicode>
          </TextEquiv>
        </Word>
        <TextEquiv>
          <Unicode>inſcripta modo manu puellari. Sic ſuos inſtituit</Unicode>
        </TextEquiv>
      </TextLine>
      <TextLine id="region0006_line0007" custom="readingOrder {index:6;}">
        <Coords points="809,678 795,689 737,688 729,678 717,679 712,686 657,685 639,688 520,685 514,679 503,677 455,678 454,727 478,730 522,724 648,733 690,728 783,728 878,732 1085,733 1131,736 1206,736 1257,740 1274,747 1307,750 1348,743 1394,739 1395,733 1395,708 1338,701 1262,699 1257,691 1242,691 1237,698 1234,698 1232,692 1227,689 1212,690 1202,698 1176,695 1163,689 1149,693 1134,687 1122,693 1120,689 1108,686 1096,688 1081,684 1071,684 1063,690 988,691 985,683 973,681 957,682 951,690 912,690 909,682 897,681 888,688 879,690 866,681 860,682 857,687 824,687 819,679"/>
        <Word id="region0006_line0007_word0000" custom="readingOrder {index:0;}">
          <Coords points="517,682 467,682 467,717 650,720 650,686 639,688 520,685"/>
          <TextEquiv conf="0.8967309">
            <Unicode>Gesnerus,</Unicode>
          </TextEquiv>
        </Word>
        <Word id="region0006_line0007_word0001" custom="readingOrder {index:1;}">
          <Coords points="732,682 714,682 712,686 678,685 678,715 767,716 767,688 737,688"/>
          <TextEquiv conf="0.92583025">
            <Unicode>cuius</Unicode>
          </TextEquiv>
        </Word>
        <Word id="region0006_line0007_word0002" custom="readingOrder {index:2;}">
          <Coords points="823,685 799,685 795,689 786,688 786,719 850,720 850,687 824,687"/>
          <TextEquiv conf="0.9002235">
            <Unicode>vita</Unicode>
          </TextEquiv>
        </Word>
        <Word id="region0006_line0007_word0003" custom="readingOrder {index:3;}">
          <Coords points="873,686 867,686 867,720 1033,724 1033,690 988,691 987,688 952,688 951,690 912,690 910,687 889,686 888,688 879,690"/>
          <TextEquiv conf="0.9059268">
            <Unicode>laboribus</Unicode>
          </TextEquiv>
        </Word>
        <Word id="region0006_line0007_word0004" custom="readingOrder {index:4;}">
          <Coords points="1122,692 1060,691 1060,725 1191,728 1191,697 1176,695 1173,694 1123,692 1122,693"/>
          <TextEquiv>
            <Unicode>diſtriƈta</Unicode>
          </TextEquiv>
        </Word>
        <Word id="region0006_line0007_word0005" custom="readingOrder {index:5;}">
          <Coords points="1232,693 1209,693 1209,726 1270,727 1270,699 1262,699 1258,693 1240,693 1237,698 1234,698"/>
          <TextEquiv conf="0.9266131">
            <Unicode>fuit</Unicode>
          </TextEquiv>
        </Word>
        <Word id="region0006_line0007_word0006" custom="readingOrder {index:6;}">
          <Coords points="1295,704 1368,705 1368,739 1295,738"/>
          <TextEquiv conf="0.9279253">
            <Unicode>gra-</Unicode>
          </TextEquiv>
        </Word>
        <TextEquiv>
          <Unicode>Gesnerus, cuius vita laboribus diſtriƈta fuit gra-</Unicode>
        </TextEquiv>
      </TextLine>
      <TextLine id="region0006_line0008" custom="readingOrder {index:7;}">
        <Coords points="1064,733 1056,743 1047,744 990,742 986,734 975,732 970,733 965,741 959,733 949,733 942,740 925,732 879,732 855,733 839,741 821,740 817,731 802,730 795,740 623,737 593,739 588,739 586,731 581,728 568,728 562,738 542,738 538,726 510,725 502,729 485,729 479,738 453,737 453,760 453,778 625,779 654,780 659,788 669,789 675,789 680,780 698,779 714,780 717,790 732,793 737,790 740,781 850,781 873,787 901,787 909,794 924,795 928,793 932,785 938,784 1255,789 1277,791 1281,798 1293,800 1299,799 1304,792 1320,790 1394,789 1394,756 1370,752 1211,747 1210,740 1206,737 1162,736 1154,738 1151,746 1102,745 1080,743 1076,734"/>
        <Word id="region0006_line0008_word0000" custom="readingOrder {index:0;}">
          <Coords points="539,729 503,729 502,729 485,729 479,738 466,737 465,768 596,770 597,739 593,739 588,739 586,731 584,730 567,730 562,738 542,738"/>
          <TextEquiv conf="0.8669825">
            <Unicode>uiſſimis</Unicode>
          </TextEquiv>
        </Word>
        <Word id="region0006_line0008_word0001" custom="readingOrder {index:1;}">
          <Coords points="613,742 646,743 646,766 613,765"/>
          <TextEquiv conf="0.93300956">
            <Unicode>et</Unicode>
          </TextEquiv>
        </Word>
        <Word id="region0006_line0008_word0002" custom="readingOrder {index:2;}">
          <Coords points="819,736 798,735 795,740 665,738 664,779 688,780 698,779 714,780 714,780 752,781 839,781 840,741 839,741 821,740"/>
          <TextEquiv conf="0.92203194">
            <Unicode>perpetuis.</Unicode>
          </TextEquiv>
        </Word>
        <Word id="region0006_line0008_word0003" custom="readingOrder {index:3;}">
          <Coords points="937,738 891,737 891,786 931,786 932,785 938,784 981,784 981,739 966,738 965,741 963,738 943,738 942,740"/>
          <TextEquiv conf="0.92426646">
            <Unicode>Quid</Unicode>
          </TextEquiv>
        </Word>
        <Word id="region0006_line0008_word0004" custom="readingOrder {index:4;}">
          <Coords points="1079,741 1057,740 1056,743 1047,744 997,742 997,775 1127,777 1127,745 1102,745 1080,743"/>
          <TextEquiv conf="0.9328468">
            <Unicode>tandem</Unicode>
          </TextEquiv>
        </Word>
        <Word id="region0006_line0008_word0005" custom="readingOrder {index:5;}">
          <Coords points="1210,742 1152,741 1151,746 1144,745 1144,777 1274,779 1274,748 1211,747"/>
          <TextEquiv>
            <Unicode>efficere</Unicode>
          </TextEquiv>
        </Word>
        <Word id="region0006_line0008_word0006" custom="readingOrder {index:6;}">
          <Coords points="1369,789 1369,757 1287,755 1287,789 1325,789"/>
          <TextEquiv conf="0.9072798">
            <Unicode>pot-</Unicode>
          </TextEquiv>
        </Word>
        <TextEquiv>
          <Unicode>uiſſimis et perpetuis. Quid tandem efficere pot-</Unicode>
        </TextEquiv>
      </TextLine>
      <TextLine id="region0006_line0009" custom="readingOrder {index:8;}">
        <Coords points="1359,790 1320,791 1317,792 1314,800 1293,801 1218,798 1214,789 1198,789 1190,799 1175,797 1168,788 1155,788 1149,797 1143,797 1137,789 1124,787 1117,796 1087,799 988,797 980,785 967,787 962,796 924,796 909,795 904,789 890,787 876,787 872,794 817,793 815,786 809,782 796,783 790,793 733,793 717,796 709,792 682,790 467,787 452,787 452,817 452,826 570,830 574,837 582,839 589,839 597,830 668,831 699,837 757,835 760,841 766,843 777,843 783,835 807,834 966,838 1021,836 1262,840 1392,845 1393,803 1373,803 1372,792"/>
        <Word id="region0006_line0009_word0000" custom="readingOrder {index:0;}">
          <Coords points="463,788 556,789 556,812 463,811"/>
          <TextEquiv conf="0.91896516">
            <Unicode>erant</Unicode>
          </TextEquiv>
        </Word>
        <Word id="region0006_line0009_word0001" custom="readingOrder {index:1;}">
          <Coords points="709,792 580,790 580,824 710,826 710,792 709,792"/>
          <TextEquiv conf="0.92018694">
            <Unicode>patres,</Unicode>
          </TextEquiv>
        </Word>
        <Word id="region0006_line0009_word0002" custom="readingOrder {index:2;}">
          <Coords points="753,793 753,828 809,829 810,784 795,783 790,793"/>
          <TextEquiv conf="0.9607465">
            <Unicode>qui</Unicode>
          </TextEquiv>
        </Word>
        <Word id="region0006_line0009_word0003" custom="readingOrder {index:3;}">
          <Coords points="842,798 857,798 857,821 842,821"/>
          <TextEquiv conf="0.9105138">
            <Unicode>a</Unicode>
          </TextEquiv>
        </Word>
        <Word id="region0006_line0009_word0004" custom="readingOrder {index:4;}">
          <Coords points="890,787 883,787 882,821 995,823 995,797 988,797 982,788 966,788 962,796 924,796 909,795 904,789"/>
          <TextEquiv conf="0.9163929">
            <Unicode>litteris</Unicode>
          </TextEquiv>
        </Word>
        <Word id="region0006_line0009_word0005" custom="readingOrder {index:5;}">
          <Coords points="1020,801 1086,803 1086,824 1020,822"/>
          <TextEquiv conf="0.9309189">
            <Unicode>non</Unicode>
          </TextEquiv>
        </Word>
        <Word id="region0006_line0009_word0006" custom="readingOrder {index:6;}">
          <Coords points="1138,791 1120,791 1117,796 1115,796 1115,827 1279,830 1279,800 1218,798 1215,792 1195,792 1190,799 1175,797 1171,792 1152,791 1149,797 1143,797"/>
          <TextEquiv conf="0.91197324">
            <Unicode>debebant</Unicode>
          </TextEquiv>
        </Word>
        <Word id="region0006_line0009_word0007" custom="readingOrder {index:7;}">
          <Coords points="1303,800 1303,832 1365,833 1365,797 1315,796 1314,800"/>
          <TextEquiv>
            <Unicode>eſſe</Unicode>
          </TextEquiv>
        </Word>
        <TextEquiv>
          <Unicode>erant patres, qui a litteris non debebant eſſe</Unicode>
        </TextEquiv>
      </TextLine>
      <TextLine id="region0006_line0010" custom="readingOrder {index:9;}">
        <Coords points="1262,841 1245,842 1241,853 1231,854 1187,853 1181,842 1170,842 1162,851 886,847 881,837 867,836 860,846 635,843 613,840 607,831 597,831 589,840 582,840 550,838 546,830 539,828 519,828 510,830 505,836 494,836 489,828 475,828 463,837 451,836 451,873 451,878 571,882 608,885 612,888 661,886 663,891 671,894 685,892 691,884 1082,889 1190,894 1217,899 1221,896 1261,894 1392,896 1392,856 1333,855 1330,848 1324,843 1311,845 1308,854 1304,855 1301,843"/>
        <Word id="region0006_line0010_word0000" custom="readingOrder {index:0;}">
          <Coords points="491,831 470,831 464,835 464,872 624,875 624,841 613,840 608,833 594,833 589,840 582,840 550,838 547,832 508,831 505,836 494,836"/>
          <TextEquiv conf="0.89537126">
            <Unicode>deſtituti,</Unicode>
          </TextEquiv>
        </Word>
        <Word id="region0006_line0010_word0001" custom="readingOrder {index:1;}">
          <Coords points="659,844 802,847 802,883 659,880"/>
          <TextEquiv conf="0.9224892">
            <Unicode>quorum</Unicode>
          </TextEquiv>
        </Word>
        <Word id="region0006_line0010_word0002" custom="readingOrder {index:2;}">
          <Coords points="881,838 865,838 860,846 830,845 830,873 955,875 955,848 886,847"/>
          <TextEquiv conf="0.91014105">
            <Unicode>animus</Unicode>
          </TextEquiv>
        </Word>
        <Word id="region0006_line0010_word0003" custom="readingOrder {index:3;}">
          <Coords points="984,851 1104,853 1104,877 984,875"/>
          <TextEquiv conf="0.9009339">
            <Unicode>marcet</Unicode>
          </TextEquiv>
        </Word>
        <Word id="region0006_line0010_word0004" custom="readingOrder {index:4;}">
          <Coords points="1183,847 1165,846 1162,851 1133,850 1133,885 1220,887 1220,853 1187,853"/>
          <TextEquiv conf="0.9049178">
            <Unicode>otio,</Unicode>
          </TextEquiv>
        </Word>
        <Word id="region0006_line0010_word0005" custom="readingOrder {index:5;}">
          <Coords points="1250,847 1294,848 1294,883 1250,882"/>
          <TextEquiv conf="0.8824738">
            <Unicode>illi</Unicode>
          </TextEquiv>
        </Word>
        <Word id="region0006_line0010_word0006" custom="readingOrder {index:6;}">
          <Coords points="1330,849 1317,849 1317,882 1366,883 1366,855 1333,855"/>
          <TextEquiv conf="0.91487443">
            <Unicode>in-</Unicode>
          </TextEquiv>
        </Word>
        <TextEquiv>
          <Unicode>deſtituti, quorum animus marcet otio, illi in-</Unicode>
        </TextEquiv>
      </TextLine>
      <TextLine id="region0006_line0011" custom="readingOrder {index:10;}">
        <Coords points="899,887 846,888 840,901 758,899 732,894 710,893 707,885 691,885 683,894 618,893 604,898 589,894 565,893 564,886 559,882 547,883 540,892 528,892 519,891 513,880 503,880 495,890 450,889 450,929 450,940 488,940 494,932 509,930 583,933 593,936 651,934 662,938 682,932 726,933 766,929 815,931 847,926 850,931 857,933 916,937 1254,943 1391,949 1391,906 1316,904 1309,897 1297,898 1291,904 1087,901 1086,893 1082,890 1064,891 1055,900 993,899 975,897 970,889 957,889 950,896 945,896 935,890"/>
        <Word id="region0006_line0011_word0000" custom="readingOrder {index:0;}">
          <Coords points="515,883 500,883 495,890 462,889 462,927 600,930 600,897 589,894 565,893 564,886 562,884 546,884 540,892 528,892 519,891"/>
          <TextEquiv conf="0.91942596">
            <Unicode>primis,</Unicode>
          </TextEquiv>
        </Word>
        <Word id="region0006_line0011_word0001" custom="readingOrder {index:1;}">
          <Coords points="646,893 646,929 702,930 703,889 687,888 683,894"/>
          <TextEquiv conf="0.93222976">
            <Unicode>qui</Unicode>
          </TextEquiv>
        </Word>
        <Word id="region0006_line0011_word0002" custom="readingOrder {index:2;}">
          <Coords points="755,908 770,908 770,916 755,916"/>
          <TextEquiv>
            <Unicode>-</Unicode>
          </TextEquiv>
        </Word>
        <Word id="region0006_line0011_word0003" custom="readingOrder {index:3;}">
          <Coords points="830,913 844,913 844,919 830,919"/>
          <TextEquiv conf="0.5211023">
            <Unicode>-</Unicode>
          </TextEquiv>
        </Word>
        <Word id="region0006_line0011_word0004" custom="readingOrder {index:4;}">
          <Coords points="937,891 899,891 898,930 1115,934 1115,901 1087,901 1086,894 1061,894 1055,900 993,899 975,897 972,892 953,892 950,896 945,896"/>
          <TextEquiv conf="0.90321887">
            <Unicode>Perhorreſco</Unicode>
          </TextEquiv>
        </Word>
        <Word id="region0006_line0011_word0005" custom="readingOrder {index:5;}">
          <Coords points="1315,903 1292,902 1291,904 1147,901 1147,935 1366,939 1366,905 1316,904"/>
          <TextEquiv conf="0.913663">
            <Unicode>reuerentiam</Unicode>
          </TextEquiv>
        </Word>
        <TextEquiv>
          <Unicode>primis, qui - - Perhorreſco reuerentiam</Unicode>
        </TextEquiv>
      </TextLine>
      <TextLine id="region0006_line0012" custom="readingOrder {index:11;}">
        <Coords points="845,932 839,942 829,943 738,942 711,934 682,933 669,939 660,939 647,935 618,942 595,941 590,935 576,934 565,942 450,941 450,981 601,984 635,982 671,991 685,991 697,987 708,993 720,983 737,982 918,983 987,987 991,990 1001,990 1005,987 1037,986 1050,991 1063,990 1068,994 1097,991 1120,993 1144,991 1194,993 1216,999 1236,997 1239,1001 1247,1001 1254,993 1261,994 1266,999 1289,992 1390,994 1391,966 1391,955 1357,954 1350,947 1336,947 1330,954 1158,952 1146,951 1142,943 1127,942 1119,949 1104,949 1096,942 1083,942 1076,947 1070,947 1069,942 1054,940 1048,942 1044,947 1004,948 1003,940 998,938 966,939 960,946 920,945 919,939 913,936 888,937"/>
        <Word id="region0006_line0012_word0000" custom="readingOrder {index:0;}">
          <Coords points="590,935 574,935 565,942 460,941 460,965 603,968 603,941 595,941"/>
          <TextEquiv>
            <Unicode>muneris.</Unicode>
          </TextEquiv>
        </Word>
        <Word id="region0006_line0012_word0001" custom="readingOrder {index:1;}">
          <Coords points="725,938 673,937 673,937 672,982 721,983 737,982 824,982 825,943 738,942"/>
          <TextEquiv conf="0.93279696">
            <Unicode>Quorum</Unicode>
          </TextEquiv>
        </Word>
        <Word id="region0006_line0012_word0002" custom="readingOrder {index:2;}">
          <Coords points="856,941 914,942 913,975 855,974"/>
          <TextEquiv conf="0.8087512">
            <Unicode>filii</Unicode>
          </TextEquiv>
        </Word>
        <Word id="region0006_line0012_word0003" custom="readingOrder {index:3;}">
          <Coords points="1003,942 963,942 960,946 945,945 945,980 1008,981 1008,947 1004,948"/>
          <TextEquiv>
            <Unicode>eſſe</Unicode>
          </TextEquiv>
        </Word>
        <Word id="region0006_line0012_word0004" custom="readingOrder {index:4;}">
          <Coords points="1069,944 1046,944 1044,947 1041,947 1041,983 1207,986 1207,952 1158,952 1146,951 1143,945 1123,945 1119,949 1104,949 1099,945 1079,944 1076,947 1070,947"/>
          <TextEquiv>
            <Unicode>debebant</Unicode>
          </TextEquiv>
        </Word>
        <Word id="region0006_line0012_word0005" custom="readingOrder {index:5;}">
          <Coords points="1352,949 1333,949 1330,954 1239,952 1239,990 1366,992 1366,954 1357,954"/>
          <TextEquiv conf="0.9660151">
            <Unicode>generis</Unicode>
          </TextEquiv>
        </Word>
        <TextEquiv>
          <Unicode>muneris. Quorum filii eſſe debebant generis</Unicode>
        </TextEquiv>
      </TextLine>
      <TextLine id="region0006_line0013" custom="readingOrder {index:12;}">
        <Coords points="888,984 882,985 876,992 867,993 821,992 805,995 752,994 751,986 746,983 734,984 728,994 707,994 697,988 691,988 684,993 640,993 639,985 635,983 616,984 611,992 605,992 600,985 586,984 582,986 578,994 500,992 488,991 475,982 450,982 449,1032 616,1032 624,1043 631,1044 637,1043 647,1033 772,1034 794,1036 798,1039 840,1036 846,1044 860,1044 867,1034 941,1032 1025,1038 1062,1037 1067,1040 1087,1038 1099,1039 1103,1046 1109,1047 1123,1046 1127,1039 1134,1039 1239,1040 1247,1048 1254,1050 1267,1040 1355,1040 1363,1043 1371,1040 1389,1040 1390,1024 1390,1009 1351,1008 1329,1001 1266,1000 1258,994 1254,994 1247,1002 1236,998 1149,999 1144,992 1126,993 1124,997 1050,996 1047,990 1037,987 1021,988 1017,994 902,993 897,985"/>
        <Word id="region0006_line0013_word0000" custom="readingOrder {index:0;}">
          <Coords points="475,982 463,982 462,1016 597,1018 597,984 586,984 582,986 578,994 500,992 488,991"/>
          <TextEquiv conf="0.88915354">
            <Unicode>humani</Unicode>
          </TextEquiv>
        </Word>
        <Word id="region0006_line0013_word0001" custom="readingOrder {index:1;}">
          <Coords points="637,984 617,984 616,1030 809,1034 809,994 805,995 752,994 751,986 732,985 728,994 707,994 697,988 691,988 684,993 640,993 639,985"/>
          <TextEquiv conf="0.90159154">
            <Unicode>ſpecimina,</Unicode>
          </TextEquiv>
        </Word>
        <Word id="region0006_line0013_word0002" custom="readingOrder {index:2;}">
          <Coords points="894,1033 895,991 877,990 876,992 867,993 836,992 836,1033 877,1033"/>
          <TextEquiv conf="0.9500827">
            <Unicode>qui</Unicode>
          </TextEquiv>
        </Word>
        <Word id="region0006_line0013_word0003" custom="readingOrder {index:3;}">
          <Coords points="918,1001 997,1003 997,1025 918,1023"/>
          <TextEquiv conf="0.9323719">
            <Unicode>vero</Unicode>
          </TextEquiv>
        </Word>
        <Word id="word_1651043333938_1927" custom="readingOrder {index:4;}">
          <Coords points="1023,988 1042,988 1047,990 1050,996 1101,996 1101,1037 1022,1036"/>
          <TextEquiv>
            <Unicode>ſunt</Unicode>
          </TextEquiv>
        </Word>
        <Word id="word_1651043333938_1926" custom="readingOrder {index:5;}">
          <Coords points="1101,996 1124,997 1126,993 1144,992 1149,999 1236,998 1247,1002 1254,994 1258,994 1266,1000 1304,1001 1303,1040 1267,1040 1265,1041 1240,1041 1239,1040 1185,1039 1101,1037"/>
          <TextEquiv>
            <Unicode>plerumque</Unicode>
          </TextEquiv>
        </Word>
        <Word id="region0006_line0013_word0005" custom="readingOrder {index:6;}">
          <Coords points="1350,1018 1365,1018 1365,1036 1350,1036"/>
          <TextEquiv>
            <Unicode>-</Unicode>
          </TextEquiv>
        </Word>
        <TextEquiv>
          <Unicode>humani ſpecimina, qui vero ſunt plerumque -</Unicode>
        </TextEquiv>
      </TextLine>
      <TextLine id="region0006_line0014" custom="readingOrder {index:13;}">
        <Coords points="1328,1040 1303,1041 1298,1043 1293,1051 1279,1050 1276,1042 1267,1041 1253,1051 1223,1049 1218,1042 1205,1039 1190,1040 1187,1049 1120,1048 934,1045 929,1036 915,1034 908,1044 901,1045 738,1045 734,1036 719,1034 712,1044 658,1042 654,1037 646,1036 637,1044 630,1045 624,1044 616,1033 602,1033 591,1044 548,1041 541,1048 448,1046 448,1076 544,1077 549,1081 654,1086 736,1082 868,1085 874,1093 888,1095 897,1085 979,1085 1011,1089 1027,1086 1096,1090 1100,1098 1112,1099 1118,1098 1122,1090 1210,1090 1226,1091 1231,1096 1242,1097 1248,1092 1271,1090 1388,1092 1389,1041 1371,1041 1363,1044 1355,1041"/>
        <Word id="region0006_line0014_word0000" custom="readingOrder {index:0;}">
          <Coords points="455,1054 471,1055 472,1067 456,1066"/>
          <TextEquiv conf="0.8775092">
            <Unicode>-</Unicode>
          </TextEquiv>
        </Word>
        <Word id="region0006_line0014_word0001" custom="readingOrder {index:1;}">
          <Coords points="528,1056 543,1056 543,1067 528,1067"/>
          <TextEquiv>
            <Unicode>-</Unicode>
          </TextEquiv>
        </Word>
        <Word id="word_1651043369518_1965" custom="readingOrder {index:2;}">
          <Coords points="602,1033 616,1033 624,1044 630,1045 637,1044 646,1036 654,1037 658,1042 661,1042 661,1070 596,1069 596,1038"/>
          <TextEquiv>
            <Unicode>ſed</Unicode>
          </TextEquiv>
        </Word>
        <Word id="word_1651043369517_1964" custom="readingOrder {index:3;}">
          <Coords points="661,1042 712,1044 718,1034 721,1034 734,1036 738,1045 755,1045 755,1072 661,1070"/>
          <TextEquiv>
            <Unicode>malo</Unicode>
          </TextEquiv>
        </Word>
        <Word id="region0006_line0014_word0003" custom="readingOrder {index:4;}">
          <Coords points="771,1047 824,1048 824,1070 771,1069"/>
          <TextEquiv conf="0.9306412">
            <Unicode>me</Unicode>
          </TextEquiv>
        </Word>
        <Word id="region0006_line0014_word0004" custom="readingOrder {index:5;}">
          <Coords points="930,1038 912,1038 908,1044 901,1045 840,1045 840,1081 1027,1084 1027,1046 934,1045"/>
          <TextEquiv conf="0.9146522">
            <Unicode>reprimere,</Unicode>
          </TextEquiv>
        </Word>
        <Word id="region0006_line0014_word0005" custom="readingOrder {index:6;}">
          <Coords points="1084,1088 1084,1047 1041,1046 1041,1086"/>
          <TextEquiv conf="0.92496866">
            <Unicode>et</Unicode>
          </TextEquiv>
        </Word>
        <Word id="region0006_line0014_word0006" custom="readingOrder {index:7;}">
          <Coords points="1189,1042 1187,1049 1120,1048 1092,1047 1092,1084 1242,1089 1242,1050 1223,1049 1218,1042"/>
          <TextEquiv conf="0.92093503">
            <Unicode>querelis,</Unicode>
          </TextEquiv>
        </Word>
        <Word id="region0006_line0014_word0007" custom="readingOrder {index:8;}">
          <Coords points="1277,1045 1263,1045 1262,1082 1360,1084 1361,1047 1296,1045 1293,1051 1279,1050"/>
          <TextEquiv conf="0.8949234">
            <Unicode>iuſtiſ-</Unicode>
          </TextEquiv>
        </Word>
        <TextEquiv>
          <Unicode>- - ſed malo me reprimere, et querelis, iuſtiſ-</Unicode>
        </TextEquiv>
      </TextLine>
      <TextLine id="region0006_line0015" custom="readingOrder {index:14;}">
        <Coords points="975,1085 969,1089 967,1095 913,1095 910,1087 897,1086 888,1096 752,1090 751,1085 747,1083 736,1083 729,1090 626,1090 586,1089 584,1084 579,1082 558,1081 553,1083 551,1089 534,1091 530,1082 516,1080 508,1090 503,1091 489,1091 485,1081 470,1079 462,1082 455,1089 448,1089 447,1130 513,1133 565,1129 632,1132 638,1136 650,1130 675,1133 692,1130 745,1131 754,1137 765,1131 795,1132 821,1135 824,1141 848,1136 855,1142 886,1145 907,1143 920,1135 947,1135 1117,1141 1129,1148 1140,1146 1145,1141 1387,1143 1388,1140 1388,1106 1380,1105 1289,1102 1287,1095 1281,1091 1267,1093 1265,1100 1260,1102 1203,1101 1199,1092 1185,1091 1181,1092 1179,1100 1172,1093 1160,1093 1154,1101 1058,1099 1034,1098 1033,1091 1028,1087 1011,1090 1009,1096 994,1096 991,1088"/>
        <Word id="region0006_line0015_word0000" custom="readingOrder {index:0;}">
          <Coords points="486,1084 459,1084 456,1087 456,1120 541,1122 541,1090 534,1091 531,1085 511,1085 508,1090 503,1091 489,1091"/>
          <TextEquiv conf="0.87643415">
            <Unicode>ſimis</Unicode>
          </TextEquiv>
        </Word>
        <Word id="region0006_line0015_word0001" custom="readingOrder {index:1;}">
          <Coords points="584,1085 558,1085 557,1124 660,1126 660,1090 626,1090 586,1089"/>
          <TextEquiv>
            <Unicode>licet,</Unicode>
          </TextEquiv>
        </Word>
        <Word id="region0006_line0015_word0002" custom="readingOrder {index:2;}">
          <Coords points="677,1098 718,1098 718,1120 677,1120"/>
          <TextEquiv conf="0.93297654">
            <Unicode>ne</Unicode>
          </TextEquiv>
        </Word>
        <Word id="region0006_line0015_word0003" custom="readingOrder {index:3;}">
          <Coords points="751,1087 736,1087 735,1127 814,1128 814,1092 752,1090"/>
          <TextEquiv conf="0.8896003">
            <Unicode>haec</Unicode>
          </TextEquiv>
        </Word>
        <Word id="region0006_line0015_word0004" custom="readingOrder {index:4;}">
          <Coords points="911,1090 893,1090 888,1096 831,1093 831,1134 919,1135 920,1135 945,1135 945,1095 913,1095"/>
          <TextEquiv conf="0.93296456">
            <Unicode>pagina</Unicode>
          </TextEquiv>
        </Word>
        <Word id="region0006_line0015_word0005" custom="readingOrder {index:5;}">
          <Coords points="992,1091 977,1091 976,1126 1091,1129 1091,1099 1058,1099 1034,1098 1033,1092 1010,1091 1009,1096 994,1096"/>
          <TextEquiv conf="0.91404456">
            <Unicode>habeat</Unicode>
          </TextEquiv>
        </Word>
        <Word id="region0006_line0015_word0006" custom="readingOrder {index:6;}">
          <Coords points="1174,1095 1158,1095 1154,1101 1113,1100 1113,1140 1117,1141 1120,1143 1142,1143 1145,1141 1193,1141 1194,1096 1180,1095 1179,1100"/>
          <TextEquiv conf="0.9598838">
            <Unicode>quid</Unicode>
          </TextEquiv>
        </Word>
        <Word id="region0006_line0015_word0007" custom="readingOrder {index:7;}">
          <Coords points="1287,1095 1266,1094 1265,1100 1260,1102 1222,1101 1222,1131 1313,1133 1313,1102 1289,1102"/>
          <TextEquiv conf="0.64179444">
            <Unicode>male.</Unicode>
          </TextEquiv>
        </Word>
        <Word id="region0006_line0015_word0008" custom="readingOrder {index:8;}">
          <Coords points="1324,1111 1360,1112 1360,1133 1324,1132"/>
          <TextEquiv conf="0.5573632">
            <Unicode>o-</Unicode>
          </TextEquiv>
        </Word>
        <TextEquiv>
          <Unicode>ſimis licet, ne haec pagina habeat quid male. o-</Unicode>
        </TextEquiv>
      </TextLine>
      <TextLine id="region0006_line0016" custom="readingOrder {index:15;}">
        <Coords points="765,1132 753,1141 674,1139 672,1134 667,1132 650,1131 637,1138 573,1140 569,1131 557,1129 550,1131 547,1139 508,1139 500,1131 488,1131 481,1140 447,1139 446,1180 520,1179 572,1185 625,1181 875,1188 881,1182 889,1182 896,1188 928,1189 934,1185 943,1185 949,1189 1059,1192 1084,1190 1095,1193 1123,1193 1128,1201 1138,1203 1144,1194 1182,1192 1383,1197 1387,1194 1387,1156 1153,1154 1145,1144 1129,1149 1118,1143 1095,1143 1080,1144 1070,1149 1031,1149 1001,1147 994,1138 983,1138 977,1145 954,1145 947,1136 932,1137 928,1145 876,1146 849,1144 847,1139 802,1142 800,1136 795,1133 782,1133 778,1138 774,1133"/>
        <Word id="word_1651043411936_1997" custom="readingOrder {index:0;}">
          <Coords points="486,1134 481,1140 454,1139 454,1167 526,1176 587,1177 587,1140 573,1140 570,1134 570,1134 549,1134 547,1139 508,1139 503,1134"/>
          <TextEquiv>
            <Unicode>minati,</Unicode>
          </TextEquiv>
        </Word>
        <Word id="region0006_line0016_word0002" custom="readingOrder {index:1;}">
          <Coords points="672,1136 641,1135 637,1138 614,1138 614,1169 738,1172 738,1140 674,1139"/>
          <TextEquiv conf="0.923661">
            <Unicode>aditum</Unicode>
          </TextEquiv>
        </Word>
        <Word id="region0006_line0016_word0003" custom="readingOrder {index:2;}">
          <Coords points="800,1138 763,1138 762,1172 814,1173 814,1141 802,1142"/>
          <TextEquiv conf="0.9262275">
            <Unicode>hic</Unicode>
          </TextEquiv>
        </Word>
        <Word id="region0006_line0016_word0004" custom="readingOrder {index:3;}">
          <Coords points="847,1139 844,1139 833,1139 833,1179 1060,1183 1060,1149 1031,1149 1001,1147 997,1141 979,1141 977,1145 954,1145 950,1141 930,1140 928,1145 876,1146 849,1144"/>
          <TextEquiv>
            <Unicode>intercludere.</Unicode>
          </TextEquiv>
        </Word>
        <Word id="region0006_line0016_word0005" custom="readingOrder {index:4;}">
          <Coords points="1126,1147 1100,1147 1099,1190 1281,1193 1281,1155 1153,1154 1148,1147 1133,1147 1129,1149"/>
          <TextEquiv>
            <Unicode>Gesnerus</Unicode>
          </TextEquiv>
        </Word>
        <Word id="region0006_line0016_word0006" custom="readingOrder {index:5;}">
          <Coords points="1300,1159 1357,1160 1357,1183 1300,1182"/>
          <TextEquiv conf="0.9165862">
            <Unicode>ve-</Unicode>
          </TextEquiv>
        </Word>
        <TextEquiv>
          <Unicode>minati, aditum hic intercludere. Gesnerus ve-</Unicode>
        </TextEquiv>
      </TextLine>
      <TextLine id="region0006_line0017" custom="readingOrder {index:16;}">
        <Coords points="881,1183 869,1197 775,1195 768,1184 755,1184 750,1193 743,1194 643,1193 639,1184 625,1182 571,1186 568,1192 541,1192 535,1181 520,1180 515,1181 507,1189 446,1188 445,1230 524,1234 580,1232 585,1235 638,1236 743,1234 1008,1243 1024,1241 1036,1246 1103,1244 1115,1234 1126,1243 1227,1241 1317,1246 1386,1243 1386,1211 1322,1205 1205,1204 1201,1194 1179,1194 1172,1203 1129,1204 1117,1204 1115,1196 1110,1193 1097,1193 1093,1197 1084,1191 1072,1190 1063,1196 1060,1203 1047,1204 1002,1200 999,1193 993,1190 981,1191 977,1200 951,1199 949,1190 943,1186 934,1186 924,1190 908,1189 903,1199 894,1199 896,1189 889,1183"/>
        <Word id="region0006_line0017_word0000" custom="readingOrder {index:0;}">
          <Coords points="453,1191 493,1192 492,1215 452,1214"/>
          <TextEquiv conf="0.9569045">
            <Unicode>ro</Unicode>
          </TextEquiv>
        </Word>
        <Word id="region0006_line0017_word0001" custom="readingOrder {index:1;}">
          <Coords points="535,1181 514,1181 511,1184 511,1219 575,1220 575,1185 571,1186 568,1192 541,1192"/>
          <TextEquiv>
            <Unicode>ſine</Unicode>
          </TextEquiv>
        </Word>
        <Word id="region0006_line0017_word0002" custom="readingOrder {index:2;}">
          <Coords points="630,1182 617,1182 591,1184 591,1219 826,1224 826,1196 775,1195 769,1185 754,1185 750,1193 743,1194 643,1193 639,1184"/>
          <TextEquiv conf="0.91499436">
            <Unicode>Grammaticae</Unicode>
          </TextEquiv>
        </Word>
        <Word id="region0006_line0017_word0003" custom="readingOrder {index:3;}">
          <Coords points="843,1196 843,1227 1049,1231 1049,1203 1047,1204 1002,1200 999,1193 993,1190 981,1191 977,1200 951,1199 949,1190 943,1186 934,1186 924,1190 908,1189 903,1199 894,1199 896,1189 889,1183 881,1183 869,1197"/>
          <TextEquiv conf="0.7988356">
            <Unicode>miniſterio,</Unicode>
          </TextEquiv>
        </Word>
        <Word id="region0006_line0017_word0004" custom="readingOrder {index:4;}">
          <Coords points="1076,1190 1071,1190 1063,1195 1063,1229 1133,1231 1133,1203 1129,1204 1117,1204 1115,1196 1110,1193 1097,1193 1093,1197 1084,1191"/>
          <TextEquiv conf="0.9325403">
            <Unicode>ſolo</Unicode>
          </TextEquiv>
        </Word>
        <Word id="region0006_line0017_word0005" custom="readingOrder {index:5;}">
          <Coords points="1154,1203 1154,1228 1208,1229 1208,1204 1205,1204 1201,1194 1179,1194 1172,1203"/>
          <TextEquiv conf="0.89158446">
            <Unicode>vſu</Unicode>
          </TextEquiv>
        </Word>
        <Word id="region0006_line0017_word0006" custom="readingOrder {index:6;}">
          <Coords points="1224,1204 1224,1227 1257,1228 1258,1205 1232,1204"/>
          <TextEquiv conf="0.9257192">
            <Unicode>et</Unicode>
          </TextEquiv>
        </Word>
        <Word id="region0006_line0017_word0007" custom="readingOrder {index:7;}">
          <Coords points="1277,1207 1362,1209 1362,1231 1277,1229"/>
          <TextEquiv conf="0.92396814">
            <Unicode>con-</Unicode>
          </TextEquiv>
        </Word>
        <TextEquiv>
          <Unicode>ro ſine Grammaticae miniſterio, ſolo vſu et con-</Unicode>
        </TextEquiv>
      </TextLine>
      <TextLine id="region0006_line0018" custom="readingOrder {index:17;}">
        <Coords points="1115,1235 1107,1244 1075,1245 1059,1253 1033,1252 1024,1242 1009,1244 1007,1251 869,1249 839,1246 831,1238 819,1238 814,1244 796,1245 789,1245 782,1238 770,1238 764,1244 759,1237 743,1235 726,1236 719,1245 707,1245 588,1242 580,1233 559,1232 552,1241 482,1241 479,1232 458,1230 445,1239 444,1281 624,1283 637,1285 641,1292 647,1293 660,1291 666,1285 807,1285 868,1287 875,1291 1385,1300 1385,1261 1385,1257 1280,1254 1279,1246 1275,1244 1227,1242 1197,1244 1191,1251 1183,1252 1178,1252 1169,1244 1159,1244 1155,1247 1154,1253 1148,1255 1144,1246 1126,1244"/>
        <Word id="region0006_line0018_word0000" custom="readingOrder {index:0;}">
          <Coords points="459,1230 457,1230 452,1233 452,1267 623,1271 623,1242 588,1242 580,1233 578,1232 558,1232 552,1241 482,1241 479,1232"/>
          <TextEquiv conf="0.8976858">
            <Unicode>ſuetudine</Unicode>
          </TextEquiv>
        </Word>
        <Word id="region0006_line0018_word0001" custom="readingOrder {index:1;}">
          <Coords points="646,1243 646,1278 797,1281 797,1244 796,1245 789,1245 782,1238 770,1238 764,1244 759,1237 743,1235 726,1236 719,1245 707,1245"/>
          <TextEquiv conf="0.9285194">
            <Unicode>praeſtitit</Unicode>
          </TextEquiv>
        </Word>
        <Word id="region0006_line0018_word0002" custom="readingOrder {index:2;}">
          <Coords points="832,1239 823,1239 822,1274 902,1275 902,1249 869,1249 839,1246"/>
          <TextEquiv conf="0.82573426">
            <Unicode>haec</Unicode>
          </TextEquiv>
        </Word>
        <Word id="region0006_line0018_word0003" custom="readingOrder {index:3;}">
          <Coords points="934,1249 934,1276 1055,1278 1055,1252 1033,1252 1024,1242 1009,1244 1007,1251"/>
          <TextEquiv>
            <Unicode>omnia.</Unicode>
          </TextEquiv>
        </Word>
        <Word id="region0006_line0018_word0004" custom="readingOrder {index:4;}">
          <Coords points="1122,1241 1117,1241 1116,1282 1357,1287 1357,1256 1280,1254 1279,1246 1275,1244 1212,1242 1197,1244 1191,1251 1183,1252 1178,1252 1169,1244 1159,1244 1155,1247 1154,1253 1148,1255 1144,1246 1126,1244"/>
          <TextEquiv conf="0.6135603">
            <Unicode>Subtiliſſimam</Unicode>
          </TextEquiv>
        </Word>
        <TextEquiv>
          <Unicode>ſuetudine praeſtitit haec omnia. Subtiliſſimam</Unicode>
        </TextEquiv>
      </TextLine>
      <TextLine id="region0006_line0019" custom="readingOrder {index:18;}">
        <Coords points="807,1286 794,1287 790,1290 786,1287 772,1287 766,1294 648,1294 632,1293 627,1285 615,1284 610,1284 606,1292 533,1295 512,1295 507,1285 498,1283 493,1284 486,1295 444,1294 443,1334 623,1337 729,1335 742,1336 744,1342 749,1345 760,1345 765,1344 768,1337 773,1336 840,1336 872,1339 877,1346 891,1347 899,1345 901,1339 974,1337 979,1341 1009,1343 1064,1341 1075,1343 1082,1350 1090,1350 1095,1346 1100,1349 1111,1349 1181,1344 1257,1348 1262,1349 1266,1355 1280,1357 1285,1356 1289,1350 1384,1348 1384,1316 1327,1309 1321,1299 1307,1301 1301,1308 1208,1307 1202,1297 1194,1296 1188,1297 1183,1307 1109,1305 1041,1303 1027,1300 1021,1292 1006,1293 1001,1299 945,1300 943,1293 938,1291 928,1292 923,1295 917,1290 902,1290 896,1297 874,1298 872,1290 868,1288 849,1288 843,1291 841,1297 825,1297 822,1289"/>
        <Word id="region0006_line0019_word0000" custom="readingOrder {index:0;}">
          <Coords points="507,1286 491,1285 486,1295 450,1294 450,1320 538,1322 538,1294 533,1295 512,1295"/>
          <TextEquiv conf="0.9324973">
            <Unicode>enim</Unicode>
          </TextEquiv>
        </Word>
        <Word id="region0006_line0019_word0001" custom="readingOrder {index:1;}">
          <Coords points="629,1288 607,1288 606,1292 555,1294 555,1322 732,1326 732,1294 648,1294 632,1293"/>
          <TextEquiv conf="0.9162634">
            <Unicode>verborum</Unicode>
          </TextEquiv>
        </Word>
        <Word id="region0006_line0019_word0002" custom="readingOrder {index:2;}">
          <Coords points="823,1292 768,1291 766,1294 751,1294 750,1336 771,1336 773,1336 840,1336 865,1338 901,1339 901,1339 974,1337 979,1341 993,1341 994,1299 945,1300 944,1295 924,1295 923,1295 922,1295 899,1294 896,1297 874,1298 873,1294 842,1293 841,1297 825,1297"/>
          <TextEquiv conf="0.903435">
            <Unicode>philoſophiam</Unicode>
          </TextEquiv>
        </Word>
        <Word id="region0006_line0019_word0003" custom="readingOrder {index:3;}">
          <Coords points="1024,1296 1011,1296 1010,1335 1113,1337 1113,1305 1109,1305 1041,1303 1027,1300"/>
          <TextEquiv>
            <Unicode>hanc,</Unicode>
          </TextEquiv>
        </Word>
        <Word id="region0006_line0019_word0004" custom="readingOrder {index:4;}">
          <Coords points="1203,1299 1187,1298 1183,1307 1139,1305 1139,1333 1253,1335 1253,1307 1208,1307"/>
          <TextEquiv conf="0.9209932">
            <Unicode>malam</Unicode>
          </TextEquiv>
        </Word>
        <Word id="region0006_line0019_word0005" custom="readingOrder {index:5;}">
          <Coords points="1322,1302 1306,1301 1301,1308 1272,1307 1272,1344 1354,1346 1354,1312 1327,1309"/>
          <TextEquiv conf="0.79312515">
            <Unicode>pue-</Unicode>
          </TextEquiv>
        </Word>
        <TextEquiv>
          <Unicode>enim verborum philoſophiam hanc, malam pue-</Unicode>
        </TextEquiv>
      </TextLine>
      <TextLine id="region0006_line0020" custom="readingOrder {index:19;}">
        <Coords points="964,1338 952,1339 946,1346 891,1348 876,1346 676,1345 638,1348 628,1348 622,1337 585,1337 581,1345 557,1343 552,1336 536,1335 531,1336 525,1343 510,1345 504,1344 497,1336 460,1336 455,1344 443,1344 442,1385 659,1389 665,1386 672,1386 676,1394 695,1394 698,1388 833,1387 888,1390 895,1398 905,1398 912,1396 916,1389 1058,1390 1129,1398 1173,1397 1181,1394 1286,1400 1296,1408 1306,1408 1311,1406 1314,1400 1327,1402 1338,1400 1383,1398 1383,1366 1352,1361 1272,1358 1264,1356 1257,1349 1243,1349 1238,1355 1231,1354 1224,1347 1212,1347 1205,1354 1197,1354 1196,1349 1191,1346 1170,1347 1165,1354 1160,1355 1074,1351 1071,1344 1064,1342 1051,1344 1049,1350 1007,1348 982,1347 981,1343 974,1338"/>
        <Word id="region0006_line0020_word0000" custom="readingOrder {index:0;}">
          <Coords points="500,1339 458,1338 455,1344 447,1344 447,1371 511,1373 511,1344 510,1345 504,1344"/>
          <TextEquiv conf="0.8776921">
            <Unicode>rilis</Unicode>
          </TextEquiv>
        </Word>
        <Word id="region0006_line0020_word0001" custom="readingOrder {index:1;}">
          <Coords points="553,1338 530,1338 529,1376 639,1378 639,1347 638,1348 628,1348 623,1339 584,1338 581,1345 557,1343"/>
          <TextEquiv>
            <Unicode>ſtudii,</Unicode>
          </TextEquiv>
        </Word>
        <Word id="region0006_line0020_word0002" custom="readingOrder {index:2;}">
          <Coords points="668,1349 751,1350 750,1386 667,1385"/>
          <TextEquiv conf="0.94737864">
            <Unicode>quae</Unicode>
          </TextEquiv>
        </Word>
        <Word id="region0006_line0020_word0003" custom="readingOrder {index:3;}">
          <Coords points="770,1352 837,1353 836,1376 769,1375"/>
          <TextEquiv conf="0.9221861">
            <Unicode>non</Unicode>
          </TextEquiv>
        </Word>
        <Word id="region0006_line0020_word0004" custom="readingOrder {index:4;}">
          <Coords points="981,1344 947,1343 946,1346 891,1348 876,1346 854,1345 854,1387 979,1389 1008,1389 1008,1348 1007,1348 982,1347"/>
          <TextEquiv conf="0.92954713">
            <Unicode>expediat</Unicode>
          </TextEquiv>
        </Word>
        <Word id="word_1651043507002_2039" custom="readingOrder {index:5;}">
          <Coords points="1072,1347 1050,1347 1049,1350 1035,1349 1035,1384 1132,1389 1141,1389 1141,1374 1119,1353 1074,1351 1072,1347"/>
          <TextEquiv>
            <Unicode>viam,</Unicode>
          </TextEquiv>
        </Word>
        <Word id="region0006_line0020_word0007" custom="readingOrder {index:6;}">
          <Coords points="1195,1349 1169,1348 1165,1354 1162,1355 1161,1386 1223,1387 1224,1349 1210,1349 1205,1354 1197,1354 1196,1349"/>
          <TextEquiv conf="0.92428863">
            <Unicode>ſed</Unicode>
          </TextEquiv>
        </Word>
        <Word id="region0006_line0020_word0008" custom="readingOrder {index:7;}">
          <Coords points="1260,1352 1247,1352 1246,1396 1355,1398 1355,1361 1352,1361 1272,1358 1264,1356"/>
          <TextEquiv>
            <Unicode>impe-</Unicode>
          </TextEquiv>
        </Word>
        <TextEquiv>
          <Unicode>rilis ſtudii, quae non expediat viam, ſed impe-</Unicode>
        </TextEquiv>
      </TextLine>
      <TextLine id="region0006_line0021" custom="readingOrder {index:20;}">
        <Coords points="1034,1391 1026,1399 1013,1391 953,1390 945,1394 943,1401 868,1399 862,1398 855,1389 843,1390 838,1400 695,1397 685,1393 676,1395 672,1387 665,1387 654,1396 646,1396 639,1389 615,1388 609,1395 588,1396 583,1388 570,1387 562,1396 555,1396 492,1393 487,1386 460,1386 454,1392 442,1392 441,1435 539,1440 629,1436 699,1439 718,1436 754,1436 766,1440 952,1441 974,1443 983,1452 1029,1454 1077,1442 1300,1447 1327,1450 1336,1446 1348,1455 1382,1454 1382,1420 1368,1420 1367,1412 1363,1409 1296,1409 1287,1402 1282,1401 1277,1406 1241,1405 1202,1401 1194,1396 1181,1395 1171,1400 1145,1403 1050,1401 1044,1392"/>
        <Word id="region0006_line0021_word0000" custom="readingOrder {index:0;}">
          <Coords points="488,1387 458,1387 454,1392 448,1392 448,1425 539,1427 539,1395 492,1393"/>
          <TextEquiv>
            <Unicode>diat,</Unicode>
          </TextEquiv>
        </Word>
        <Word id="region0006_line0021_word0002" custom="readingOrder {index:1;}">
          <Coords points="571,1387 571,1423 733,1426 733,1397 695,1397 685,1393 676,1395 672,1387 665,1387 654,1396 646,1396 639,1389 615,1388 609,1395 588,1396 583,1388"/>
          <TextEquiv>
            <Unicode>iudicabat</Unicode>
          </TextEquiv>
        </Word>
        <Word id="region0006_line0021_word0003" custom="readingOrder {index:2;}">
          <Coords points="858,1393 841,1393 838,1400 767,1398 767,1426 936,1430 936,1400 868,1399 862,1398"/>
          <TextEquiv conf="0.8898713">
            <Unicode>comitem.</Unicode>
          </TextEquiv>
        </Word>
        <Word id="region0006_line0021_word0004" custom="readingOrder {index:3;}">
          <Coords points="1020,1395 999,1395 998,1441 1074,1442 1077,1442 1096,1442 1096,1401 1050,1401 1046,1395 1029,1395 1026,1399"/>
          <TextEquiv conf="0.48365965">
            <Unicode>lgitur</Unicode>
          </TextEquiv>
        </Word>
        <Word id="region0006_line0021_word0005" custom="readingOrder {index:4;}">
          <Coords points="1205,1401 1165,1400 1145,1403 1130,1402 1130,1435 1239,1437 1239,1404"/>
          <TextEquiv>
            <Unicode>auƈtor</Unicode>
          </TextEquiv>
        </Word>
        <Word id="region0006_line0021_word0006" custom="readingOrder {index:5;}">
          <Coords points="1296,1409 1263,1408 1262,1442 1354,1444 1355,1410 1309,1409 1296,1409"/>
          <TextEquiv>
            <Unicode>erat,</Unicode>
          </TextEquiv>
        </Word>
        <TextEquiv>
          <Unicode>diat, iudicabat comitem. lgitur auƈtor erat,</Unicode>
        </TextEquiv>
      </TextLine>
      <TextLine id="region0006_line0022" custom="readingOrder {index:21;}">
        <Coords points="1333,1447 1325,1451 1324,1457 1249,1456 1244,1447 1229,1446 1223,1456 1171,1456 1129,1452 1123,1445 1111,1445 1104,1452 1096,1453 1092,1446 1077,1443 1068,1446 1063,1453 1032,1455 951,1452 945,1443 932,1443 927,1450 920,1442 909,1442 900,1452 824,1451 761,1448 760,1440 754,1437 718,1437 702,1438 694,1447 649,1444 646,1439 629,1437 622,1439 618,1444 608,1444 453,1444 441,1445 441,1487 536,1487 540,1494 550,1496 559,1494 563,1486 570,1485 669,1487 686,1488 692,1494 700,1494 706,1488 852,1489 867,1492 871,1501 885,1502 890,1501 894,1493 976,1495 1028,1501 1054,1500 1073,1495 1087,1499 1100,1496 1141,1497 1161,1506 1166,1498 1181,1498 1381,1496 1382,1489 1382,1464 1348,1460 1343,1451"/>
        <Word id="region0006_line0022_word0000" custom="readingOrder {index:0;}">
          <Coords points="447,1448 517,1450 516,1473 446,1471"/>
          <TextEquiv conf="0.92362493">
            <Unicode>rem</Unicode>
          </TextEquiv>
        </Word>
        <Word id="region0006_line0022_word0001" custom="readingOrder {index:1;}">
          <Coords points="646,1440 621,1439 618,1444 608,1444 544,1444 544,1484 753,1488 835,1488 835,1451 824,1451 761,1448 760,1442 699,1441 694,1447 649,1444"/>
          <TextEquiv conf="0.65914965">
            <Unicode>praeſtantiſſimam</Unicode>
          </TextEquiv>
        </Word>
        <Word id="word_1651043547392_2066" custom="readingOrder {index:2;}">
          <Coords points="906,1445 900,1452 863,1451 863,1490 999,1493 1028,1489 1028,1476 1000,1453 951,1452 947,1446 930,1445 927,1450 923,1445"/>
          <TextEquiv>
            <Unicode>quidem,</Unicode>
          </TextEquiv>
        </Word>
        <Word id="region0006_line0022_word0004" custom="readingOrder {index:3;}">
          <Coords points="1092,1447 1069,1447 1068,1487 1122,1488 1123,1448 1108,1447 1104,1452 1096,1453"/>
          <TextEquiv conf="0.8977816">
            <Unicode>ſed</Unicode>
          </TextEquiv>
        </Word>
        <Word id="region0006_line0022_word0005" custom="readingOrder {index:4;}">
          <Coords points="1246,1451 1225,1451 1223,1456 1171,1456 1148,1453 1148,1496 1230,1497 1257,1497 1257,1456 1249,1456"/>
          <TextEquiv conf="0.9276232">
            <Unicode>pueris</Unicode>
          </TextEquiv>
        </Word>
        <Word id="region0006_line0022_word0006" custom="readingOrder {index:5;}">
          <Coords points="1339,1449 1327,1449 1325,1451 1324,1457 1291,1456 1291,1487 1354,1488 1354,1460 1348,1460 1343,1451"/>
          <TextEquiv conf="0.9128928">
            <Unicode>no-</Unicode>
          </TextEquiv>
        </Word>
        <TextEquiv>
          <Unicode>rem praeſtantiſſimam quidem, ſed pueris no-</Unicode>
        </TextEquiv>
      </TextLine>
      <TextLine id="region0006_line0023" custom="readingOrder {index:22;}">
        <Coords points="804,1489 792,1490 788,1495 753,1497 623,1495 550,1497 488,1496 483,1488 470,1488 463,1495 441,1494 440,1536 515,1538 553,1543 580,1542 607,1534 627,1537 629,1545 633,1547 647,1547 654,1544 656,1537 851,1538 864,1542 922,1548 972,1546 974,1553 979,1555 987,1555 998,1545 1016,1547 1039,1545 1140,1549 1260,1548 1380,1553 1381,1509 1265,1510 1260,1501 1250,1499 1244,1501 1240,1509 1161,1507 1141,1498 1108,1497 1092,1504 1082,1497 1073,1496 1068,1498 1066,1504 1038,1506 876,1503 860,1501 858,1493 852,1490"/>
        <Word id="region0006_line0023_word0000" custom="readingOrder {index:0;}">
          <Coords points="484,1490 467,1490 463,1495 446,1494 446,1529 554,1531 554,1496 550,1497 488,1496"/>
          <TextEquiv conf="0.90806764">
            <Unicode>xiam,</Unicode>
          </TextEquiv>
        </Word>
        <Word id="region0006_line0023_word0001" custom="readingOrder {index:1;}">
          <Coords points="690,1537 691,1503 587,1501 586,1536 599,1536 607,1534 625,1537 656,1537 656,1537"/>
          <TextEquiv conf="0.8934228">
            <Unicode>vsque</Unicode>
          </TextEquiv>
        </Word>
        <Word id="region0006_line0023_word0002" custom="readingOrder {index:2;}">
          <Coords points="714,1505 756,1506 755,1529 713,1528"/>
          <TextEquiv conf="0.9325646">
            <Unicode>eo</Unicode>
          </TextEquiv>
        </Word>
        <Word id="region0006_line0023_word0003" custom="readingOrder {index:3;}">
          <Coords points="859,1497 783,1496 782,1534 933,1537 933,1504 876,1503 860,1501"/>
          <TextEquiv>
            <Unicode>differre;</Unicode>
          </TextEquiv>
        </Word>
        <Word id="region0006_line0023_word0004" custom="readingOrder {index:4;}">
          <Coords points="1081,1546 1082,1503 1066,1502 1066,1504 1038,1506 969,1504 969,1544 1031,1545 1039,1545"/>
          <TextEquiv conf="0.92057115">
            <Unicode>quoad</Unicode>
          </TextEquiv>
        </Word>
        <Word id="region0006_line0023_word0005" custom="readingOrder {index:5;}">
          <Coords points="1153,1503 1109,1503 1108,1537 1169,1538 1169,1507 1161,1507"/>
          <TextEquiv conf="0.92629224">
            <Unicode>illis</Unicode>
          </TextEquiv>
        </Word>
        <Word id="region0006_line0023_word0006" custom="readingOrder {index:6;}">
          <Coords points="1262,1506 1241,1505 1240,1509 1195,1507 1195,1538 1298,1540 1298,1509 1265,1510"/>
          <TextEquiv conf="0.96510375">
            <Unicode>maior</Unicode>
          </TextEquiv>
        </Word>
        <Word id="region0006_line0023_word0007" custom="readingOrder {index:7;}">
          <Coords points="1318,1515 1353,1516 1352,1543 1317,1542"/>
          <TextEquiv conf="0.96486807">
            <Unicode>et</Unicode>
          </TextEquiv>
        </Word>
        <TextEquiv>
          <Unicode>xiam, vsque eo differre; quoad illis maior et</Unicode>
        </TextEquiv>
      </TextLine>
      <TextLine id="region0006_line0024" custom="readingOrder {index:23;}">
        <Coords points="842,1539 835,1541 830,1549 779,1549 773,1540 760,1539 754,1549 719,1549 714,1539 700,1539 696,1547 690,1548 566,1549 477,1548 471,1539 440,1537 439,1587 485,1590 492,1583 498,1583 507,1584 514,1596 520,1591 560,1589 645,1589 658,1594 668,1590 705,1589 944,1593 994,1598 1000,1605 1006,1606 1054,1597 1074,1600 1095,1598 1380,1605 1380,1604 1381,1563 1358,1563 1356,1557 1351,1554 1335,1553 1332,1561 1267,1561 1265,1552 1260,1549 1242,1550 1234,1560 1224,1559 1217,1549 1141,1549 1109,1556 1086,1555 1085,1550 1080,1547 1039,1546 1022,1547 1018,1554 1010,1555 1008,1548 998,1546 987,1556 979,1556 955,1552 863,1549 861,1543 856,1540"/>
        <Word id="region0006_line0024_word0000" custom="readingOrder {index:0;}">
          <Coords points="471,1539 447,1539 446,1581 575,1584 575,1548 566,1549 477,1548"/>
          <TextEquiv>
            <Unicode>linguae</Unicode>
          </TextEquiv>
        </Word>
        <Word id="region0006_line0024_word0001" custom="readingOrder {index:1;}">
          <Coords points="600,1552 633,1553 632,1577 599,1576"/>
          <TextEquiv conf="0.9243512">
            <Unicode>et</Unicode>
          </TextEquiv>
        </Word>
        <Word id="region0006_line0024_word0002" custom="readingOrder {index:2;}">
          <Coords points="717,1545 697,1545 696,1547 690,1548 651,1548 651,1583 786,1586 786,1549 779,1549 777,1546 755,1546 754,1549 719,1549"/>
          <TextEquiv conf="0.76999307">
            <Unicode>rationis</Unicode>
          </TextEquiv>
        </Word>
        <Word id="region0006_line0024_word0003" custom="readingOrder {index:3;}">
          <Coords points="861,1544 833,1543 830,1549 800,1549 800,1580 881,1582 881,1549 863,1549"/>
          <TextEquiv conf="0.7051876">
            <Unicode>vſus</Unicode>
          </TextEquiv>
        </Word>
        <Word id="region0006_line0024_word0004" custom="readingOrder {index:4;}">
          <Coords points="1008,1549 993,1549 987,1556 979,1556 955,1552 913,1550 913,1592 944,1593 952,1593 1106,1597 1106,1555 1086,1555 1085,1551 1020,1550 1018,1554 1010,1555"/>
          <TextEquiv conf="0.90574735">
            <Unicode>contigiſſet.</Unicode>
          </TextEquiv>
        </Word>
        <Word id="region0006_line0024_word0005" custom="readingOrder {index:5;}">
          <Coords points="1219,1551 1169,1551 1168,1589 1280,1591 1280,1561 1267,1561 1265,1552 1240,1552 1234,1560 1224,1559"/>
          <TextEquiv conf="0.91496474">
            <Unicode>Cauſas</Unicode>
          </TextEquiv>
        </Word>
        <Word id="region0006_line0024_word0006" custom="readingOrder {index:6;}">
          <Coords points="1303,1561 1303,1594 1351,1595 1352,1558 1333,1557 1332,1561"/>
          <TextEquiv conf="0.96697867">
            <Unicode>rei</Unicode>
          </TextEquiv>
        </Word>
        <TextEquiv>
          <Unicode>linguae et rationis vſus contigiſſet. Cauſas rei</Unicode>
        </TextEquiv>
      </TextLine>
      <TextLine id="region0006_line0025" custom="readingOrder {index:24;}">
        <Coords points="492,1584 479,1598 464,1598 458,1589 440,1590 438,1639 450,1639 452,1644 456,1645 476,1644 478,1640 575,1641 582,1646 589,1646 597,1641 611,1641 766,1646 835,1643 945,1646 962,1648 969,1657 982,1658 988,1649 1112,1650 1149,1652 1172,1659 1202,1662 1224,1660 1251,1654 1334,1652 1340,1647 1358,1652 1379,1651 1379,1635 1379,1618 1331,1614 1134,1610 1111,1607 1109,1601 1104,1599 1088,1601 1085,1608 1076,1607 1073,1600 1066,1598 1051,1599 1045,1607 932,1605 927,1594 911,1593 905,1603 808,1601 804,1593 790,1592 784,1601 752,1601 731,1600 725,1592 713,1590 704,1598 692,1599 682,1599 674,1591 663,1592 658,1595 639,1590 631,1592 624,1601 512,1600 513,1595 507,1585"/>
        <Word id="region0006_line0025_word0000" custom="readingOrder {index:0;}">
          <Coords points="501,1584 491,1584 479,1598 464,1598 458,1589 444,1589 444,1633 513,1635 513,1600 512,1600 513,1595 507,1585"/>
          <TextEquiv conf="0.9028798">
            <Unicode>ipſe</Unicode>
          </TextEquiv>
        </Word>
        <Word id="region0006_line0025_word0001" custom="readingOrder {index:1;}">
          <Coords points="651,1593 630,1592 624,1601 540,1600 540,1638 688,1641 688,1599 682,1599 676,1593 660,1593 658,1595"/>
          <TextEquiv conf="0.8946215">
            <Unicode>expoſuit</Unicode>
          </TextEquiv>
        </Word>
        <Word id="region0006_line0025_word0002" custom="readingOrder {index:2;}">
          <Coords points="727,1595 714,1595 713,1632 895,1636 895,1602 808,1601 806,1597 786,1596 784,1601 752,1601 731,1600"/>
          <TextEquiv conf="0.91919374">
            <Unicode>luculenter</Unicode>
          </TextEquiv>
        </Word>
        <Word id="region0006_line0025_word0003" custom="readingOrder {index:3;}">
          <Coords points="929,1598 915,1598 914,1633 944,1634 944,1605 932,1605"/>
          <TextEquiv conf="0.91504914">
            <Unicode>in</Unicode>
          </TextEquiv>
        </Word>
        <Word id="region0006_line0025_word0004" custom="readingOrder {index:4;}">
          <Coords points="1073,1601 1049,1601 1045,1607 972,1605 972,1645 1170,1649 1170,1610 1134,1610 1111,1607 1109,1602 1087,1601 1085,1608 1076,1607"/>
          <TextEquiv conf="0.90771127">
            <Unicode>praefatione</Unicode>
          </TextEquiv>
        </Word>
        <Word id="region0006_line0025_word0005" custom="readingOrder {index:5;}">
          <Coords points="1351,1650 1352,1618 1193,1615 1192,1649 1334,1651 1340,1647"/>
          <TextEquiv conf="0.8856424">
            <Unicode>gramma-</Unicode>
          </TextEquiv>
        </Word>
        <TextEquiv>
          <Unicode>ipſe expoſuit luculenter in praefatione gramma-</Unicode>
        </TextEquiv>
      </TextLine>
      <TextLine id="region0006_line0026" custom="readingOrder {index:25;}">
        <Coords points="1340,1648 1334,1653 1308,1655 1303,1662 1202,1663 953,1658 951,1650 945,1647 933,1647 927,1657 909,1657 899,1656 893,1646 877,1646 873,1650 866,1645 845,1644 790,1645 769,1653 737,1653 678,1652 674,1644 658,1643 652,1651 628,1652 625,1644 621,1642 597,1642 589,1647 582,1647 575,1642 538,1642 528,1649 478,1648 477,1645 460,1644 452,1647 438,1647 437,1689 625,1694 653,1693 659,1688 667,1689 674,1694 781,1695 811,1700 837,1701 842,1705 855,1707 863,1705 865,1699 875,1698 1030,1699 1115,1703 1150,1701 1162,1704 1169,1700 1290,1702 1337,1705 1344,1712 1353,1712 1359,1706 1378,1706 1378,1668 1378,1665 1357,1665 1358,1653"/>
        <Word id="region0006_line0026_word0000" custom="readingOrder {index:0;}">
          <Coords points="445,1647 444,1673 528,1675 529,1648 528,1649 478,1648 477,1645 460,1644 452,1647"/>
          <TextEquiv conf="0.82598495">
            <Unicode>ticae</Unicode>
          </TextEquiv>
        </Word>
        <Word id="region0006_line0026_word0001" custom="readingOrder {index:1;}">
          <Coords points="551,1642 551,1675 761,1679 761,1653 737,1653 678,1652 674,1644 658,1643 652,1651 628,1652 625,1644 621,1642 597,1642 589,1647 582,1647 575,1642"/>
          <TextEquiv conf="0.89086837">
            <Unicode>Cellerianae.</Unicode>
          </TextEquiv>
        </Word>
        <Word id="region0006_line0026_word0002" custom="readingOrder {index:2;}">
          <Coords points="800,1644 800,1690 891,1692 891,1646 877,1646 873,1650 866,1645 845,1644"/>
          <TextEquiv conf="0.89086837">
            <Unicode>Qui</Unicode>
          </TextEquiv>
        </Word>
        <Word id="region0006_line0026_word0003" custom="readingOrder {index:3;}">
          <Coords points="917,1657 917,1681 956,1682 956,1658 953,1658 951,1650 945,1647 933,1647 927,1657"/>
          <TextEquiv conf="0.9673814">
            <Unicode>ab</Unicode>
          </TextEquiv>
        </Word>
        <Word id="region0006_line0026_word0004" custom="readingOrder {index:4;}">
          <Coords points="982,1659 1024,1660 1023,1683 981,1683"/>
          <TextEquiv conf="0.90736353">
            <Unicode>eo</Unicode>
          </TextEquiv>
        </Word>
        <Word id="region0006_line0026_word0005" custom="readingOrder {index:5;}">
          <Coords points="1054,1660 1054,1686 1257,1690 1257,1662 1202,1663"/>
          <TextEquiv>
            <Unicode>contemtam</Unicode>
          </TextEquiv>
        </Word>
        <Word id="region0006_line0026_word0006" custom="readingOrder {index:6;}">
          <Coords points="1286,1662 1286,1698 1350,1699 1350,1651 1340,1648 1334,1653 1308,1655 1303,1662"/>
          <TextEquiv conf="0.8285816">
            <Unicode>eſſe</Unicode>
          </TextEquiv>
        </Word>
        <TextEquiv>
          <Unicode>ticae Cellerianae. Qui ab eo contemtam eſſe</Unicode>
        </TextEquiv>
      </TextLine>
      <TextLine id="region0006_line0027" custom="readingOrder {index:26;}">
        <Coords points="659,1689 653,1694 652,1702 640,1703 581,1701 577,1694 572,1693 549,1692 543,1698 508,1699 478,1698 468,1691 437,1690 436,1741 510,1740 598,1744 745,1746 766,1748 770,1755 779,1757 789,1754 793,1748 838,1747 1031,1751 1092,1755 1102,1751 1377,1756 1378,1715 1293,1713 1287,1703 1272,1702 1266,1712 1120,1710 1109,1714 1083,1710 1036,1710 1035,1703 1030,1700 1012,1701 1011,1707 1004,1709 972,1708 966,1699 948,1700 946,1707 941,1709 920,1709 740,1702 674,1703 674,1695 671,1692"/>
        <Word id="region0006_line0027_word0000" custom="readingOrder {index:0;}">
          <Coords points="468,1691 444,1691 443,1726 529,1728 529,1698 508,1699 478,1698"/>
          <TextEquiv conf="0.92179507">
            <Unicode>hanc</Unicode>
          </TextEquiv>
        </Word>
        <Word id="region0006_line0027_word0001" custom="readingOrder {index:1;}">
          <Coords points="660,1689 659,1689 653,1694 652,1702 640,1703 581,1701 577,1694 572,1693 553,1692 552,1728 749,1732 750,1702 740,1702 674,1703 674,1695 671,1692"/>
          <TextEquiv conf="0.79021144">
            <Unicode>litteraturae</Unicode>
          </TextEquiv>
        </Word>
        <Word id="region0006_line0027_word0002" custom="readingOrder {index:2;}">
          <Coords points="890,1707 775,1706 774,1741 899,1743 899,1708"/>
          <TextEquiv conf="0.8987895">
            <Unicode>partem</Unicode>
          </TextEquiv>
        </Word>
        <Word id="region0006_line0027_word0003" custom="readingOrder {index:3;}">
          <Coords points="935,1709 935,1738 1104,1741 1104,1713 1083,1710 1036,1710 1035,1703 1030,1700 1012,1701 1011,1707 1004,1709 972,1708 966,1699 948,1700 946,1707 941,1709"/>
          <TextEquiv conf="0.8130127">
            <Unicode>clamant,</Unicode>
          </TextEquiv>
        </Word>
        <Word id="region0006_line0027_word0004" custom="readingOrder {index:4;}">
          <Coords points="1151,1713 1217,1714 1216,1739 1150,1738"/>
          <TextEquiv conf="0.9644708">
            <Unicode>non</Unicode>
          </TextEquiv>
        </Word>
        <Word id="region0006_line0027_word0005" custom="readingOrder {index:5;}">
          <Coords points="1288,1705 1269,1705 1266,1712 1241,1711 1241,1741 1348,1743 1348,1714 1293,1713"/>
          <TextEquiv conf="0.9589354">
            <Unicode>minus</Unicode>
          </TextEquiv>
        </Word>
        <TextEquiv>
          <Unicode>hanc litteraturae partem clamant, non minus</Unicode>
        </TextEquiv>
      </TextLine>
      <TextLine id="region0006_line0028" custom="readingOrder {index:27;}">
        <Coords points="549,1741 545,1743 543,1751 474,1753 470,1752 465,1743 449,1742 436,1750 435,1792 537,1794 572,1791 593,1794 660,1796 667,1800 711,1798 713,1805 733,1807 741,1798 768,1799 782,1794 794,1797 871,1798 879,1809 893,1809 900,1798 1211,1804 1227,1808 1237,1804 1262,1806 1376,1805 1377,1773 1362,1772 1351,1766 1334,1764 1129,1762 1116,1760 1114,1754 1102,1752 1089,1759 1007,1757 1002,1751 987,1751 981,1758 934,1758 931,1752 916,1749 910,1751 907,1758 861,1758 856,1749 838,1748 827,1758 696,1756 675,1759 669,1758 662,1746 638,1745 633,1748 631,1754 619,1754 603,1752 597,1744 574,1743 568,1748 561,1742"/>
        <Word id="region0006_line0028_word0000" custom="readingOrder {index:0;}">
          <Coords points="467,1746 443,1746 442,1782 514,1784 514,1751 474,1753 470,1752"/>
          <TextEquiv>
            <Unicode>ſunt</Unicode>
          </TextEquiv>
        </Word>
        <Word id="region0006_line0028_word0001" custom="readingOrder {index:1;}">
          <Coords points="565,1745 544,1745 543,1751 536,1751 536,1785 679,1788 679,1758 675,1759 669,1758 662,1747 634,1747 633,1748 631,1754 619,1754 603,1752 598,1746 570,1745 568,1748"/>
          <TextEquiv conf="0.8958129">
            <Unicode>ridiculi,</Unicode>
          </TextEquiv>
        </Word>
        <Word id="region0006_line0028_word0002" custom="readingOrder {index:2;}">
          <Coords points="788,1795 807,1796 808,1761 709,1759 708,1794 778,1795 782,1794"/>
          <TextEquiv conf="0.9647094">
            <Unicode>quam</Unicode>
          </TextEquiv>
        </Word>
        <Word id="region0006_line0028_word0003" custom="readingOrder {index:3;}">
          <Coords points="832,1753 831,1787 852,1787 853,1753 832,1753"/>
          <TextEquiv conf="0.9263521">
            <Unicode>ſi</Unicode>
          </TextEquiv>
        </Word>
        <Word id="region0006_line0028_word0004" custom="readingOrder {index:4;}">
          <Coords points="932,1754 908,1754 907,1758 869,1758 869,1797 871,1798 872,1800 898,1800 900,1798 942,1798 942,1758 934,1758"/>
          <TextEquiv conf="0.9286237">
            <Unicode>quis</Unicode>
          </TextEquiv>
        </Word>
        <Word id="region0006_line0028_word0005" custom="readingOrder {index:5;}">
          <Coords points="968,1758 968,1790 1075,1793 1076,1759 982,1756 981,1758"/>
          <TextEquiv conf="0.9256311">
            <Unicode>virum</Unicode>
          </TextEquiv>
        </Word>
        <Word id="region0006_line0028_word0006" custom="readingOrder {index:6;}">
          <Coords points="1224,1807 1224,1762 1129,1762 1116,1760 1114,1754 1102,1752 1102,1801 1211,1804"/>
          <TextEquiv conf="0.92497605">
            <Unicode>bonum,</Unicode>
          </TextEquiv>
        </Word>
        <Word id="region0006_line0028_word0007" custom="readingOrder {index:7;}">
          <Coords points="1255,1769 1348,1771 1347,1801 1254,1799"/>
          <TextEquiv conf="0.9072682">
            <Unicode>accu-</Unicode>
          </TextEquiv>
        </Word>
        <TextEquiv>
          <Unicode>ſunt ridiculi, quam ſi quis virum bonum, accu-</Unicode>
        </TextEquiv>
      </TextLine>
      <TextLine id="region0006_line0029" custom="readingOrder {index:28;}">
        <Coords points="782,1795 775,1800 774,1808 755,1808 593,1800 586,1793 564,1792 557,1795 555,1802 550,1803 472,1805 469,1796 465,1794 435,1793 434,1845 589,1844 639,1848 689,1844 869,1853 881,1850 1059,1855 1167,1854 1176,1859 1184,1860 1189,1856 1285,1856 1315,1860 1332,1866 1375,1866 1375,1833 1366,1832 1365,1819 1354,1815 1251,1813 1250,1807 1237,1805 1225,1812 1220,1812 1216,1806 1211,1805 1189,1806 1185,1808 1183,1815 1025,1811 1021,1801 1003,1800 993,1810 919,1810 916,1800 900,1799 893,1810 879,1810 871,1799 860,1798 855,1799 850,1808 821,1810 819,1802 815,1798"/>
        <Word id="region0006_line0029_word0000" custom="readingOrder {index:0;}">
          <Coords points="469,1796 441,1796 440,1831 506,1833 506,1804 472,1805"/>
          <TextEquiv conf="0.91089">
            <Unicode>ſare</Unicode>
          </TextEquiv>
        </Word>
        <Word id="region0006_line0029_word0001" custom="readingOrder {index:1;}">
          <Coords points="590,1797 556,1796 555,1802 550,1803 522,1803 522,1835 640,1837 640,1802 593,1800"/>
          <TextEquiv conf="0.90769386">
            <Unicode>vellet,</Unicode>
          </TextEquiv>
        </Word>
        <Word id="region0006_line0029_word0002" custom="readingOrder {index:2;}">
          <Coords points="665,1812 739,1813 738,1838 664,1837"/>
          <TextEquiv conf="0.93292165">
            <Unicode>eum</Unicode>
          </TextEquiv>
        </Word>
        <Word id="region0006_line0029_word0003" custom="readingOrder {index:3;}">
          <Coords points="790,1795 781,1795 775,1800 774,1808 757,1808 757,1837 838,1839 838,1808 821,1810 819,1802 815,1798"/>
          <TextEquiv conf="0.9243924">
            <Unicode>odio</Unicode>
          </TextEquiv>
        </Word>
        <Word id="region0006_line0029_word0004" custom="readingOrder {index:4;}">
          <Coords points="873,1802 860,1802 859,1841 980,1844 980,1810 919,1810 917,1803 897,1802 893,1810 879,1810"/>
          <TextEquiv conf="0.92529124">
            <Unicode>habere</Unicode>
          </TextEquiv>
        </Word>
        <Word id="region0006_line0029_word0005" custom="readingOrder {index:5;}">
          <Coords points="1022,1804 998,1804 997,1805 997,1842 1109,1844 1109,1813 1025,1811"/>
          <TextEquiv conf="0.931057">
            <Unicode>ſexum</Unicode>
          </TextEquiv>
        </Word>
        <Word id="region0006_line0029_word0006" custom="readingOrder {index:6;}">
          <Coords points="1218,1809 1185,1808 1185,1808 1183,1815 1135,1814 1134,1852 1346,1856 1347,1815 1251,1813 1250,1809 1230,1809 1225,1812 1220,1812"/>
          <TextEquiv conf="0.9016591">
            <Unicode>muliebrem,</Unicode>
          </TextEquiv>
        </Word>
        <TextEquiv>
          <Unicode>ſare vellet, eum odio habere ſexum muliebrem,</Unicode>
        </TextEquiv>
      </TextLine>
      <TextLine id="region0006_line0030" custom="readingOrder {index:29;}">
        <Coords points="689,1845 684,1847 682,1853 623,1852 555,1855 551,1847 539,1845 531,1849 529,1856 434,1855 433,1895 446,1895 448,1902 452,1904 468,1905 472,1903 474,1896 622,1898 647,1893 945,1902 951,1907 959,1907 968,1902 1017,1902 1086,1908 1094,1905 1158,1907 1222,1903 1374,1912 1375,1869 1300,1867 1285,1866 1280,1861 1268,1864 1174,1863 1167,1855 1152,1857 1148,1865 789,1858 785,1855 766,1857 758,1848 744,1849 741,1854 738,1849 730,1847 717,1848 714,1855 707,1854 704,1847"/>
        <Word id="region0006_line0030_word0000" custom="readingOrder {index:0;}">
          <Coords points="544,1845 537,1845 531,1849 529,1856 441,1855 441,1888 601,1891 601,1852 555,1855 551,1847"/>
          <TextEquiv conf="0.911187">
            <Unicode>quoniam</Unicode>
          </TextEquiv>
        </Word>
        <Word id="region0006_line0030_word0001" custom="readingOrder {index:1;}">
          <Coords points="704,1848 683,1847 682,1853 638,1852 638,1883 811,1886 811,1858 789,1858 785,1855 766,1857 758,1849 746,1848 744,1849 741,1854 738,1849 736,1848 716,1848 714,1855 707,1854"/>
          <TextEquiv>
            <Unicode>amicitiam</Unicode>
          </TextEquiv>
        </Word>
        <Word id="region0006_line0030_word0002" custom="readingOrder {index:2;}">
          <Coords points="844,1862 919,1864 918,1888 843,1886"/>
          <TextEquiv conf="0.9044554">
            <Unicode>cum</Unicode>
          </TextEquiv>
        </Word>
        <Word id="region0006_line0030_word0003" custom="readingOrder {index:3;}">
          <Coords points="953,1864 996,1865 995,1894 952,1893"/>
          <TextEquiv>
            <Unicode>eo</Unicode>
          </TextEquiv>
        </Word>
        <Word id="region0006_line0030_word0004" custom="readingOrder {index:4;}">
          <Coords points="1170,1858 1151,1858 1148,1865 1040,1862 1040,1894 1234,1898 1234,1863 1174,1863"/>
          <TextEquiv conf="0.90405273">
            <Unicode>contrahere</Unicode>
          </TextEquiv>
        </Word>
        <Word id="region0006_line0030_word0005" custom="readingOrder {index:5;}">
          <Coords points="1294,1866 1271,1866 1270,1896 1346,1898 1346,1868 1300,1867"/>
          <TextEquiv conf="0.93437636">
            <Unicode>ante</Unicode>
          </TextEquiv>
        </Word>
        <TextEquiv>
          <Unicode>quoniam amicitiam cum eo contrahere ante</Unicode>
        </TextEquiv>
      </TextLine>
      <TextLine id="region0006_line0031" custom="readingOrder {index:30;}">
        <Coords points="1190,1907 1187,1922 1160,1915 1120,1914 1115,1907 1099,1906 1083,1909 1081,1913 1076,1914 1030,1914 1027,1906 1009,1903 998,1913 987,1913 985,1907 979,1904 965,1904 961,1910 952,1910 945,1903 933,1903 927,1911 902,1910 834,1908 830,1901 816,1899 802,1899 798,1907 726,1905 724,1898 720,1896 704,1896 701,1904 676,1906 433,1904 432,1942 1372,1957 1372,1925 1303,1918 1299,1909 1287,1909 1282,1918 1269,1917 1268,1908 1263,1905 1222,1904"/>
        <Word id="region0006_line0031_word0000" custom="readingOrder {index:0;}">
          <Coords points="441,1905 549,1907 548,1934 440,1932"/>
          <TextEquiv conf="0.9080525">
            <Unicode>certos</Unicode>
          </TextEquiv>
        </Word>
        <Word id="word_1651043650662_2106" custom="readingOrder {index:1;}">
          <Coords points="573,1908 696,1904 696,1948 679,1948 572,1940"/>
          <TextEquiv>
            <Unicode>annos,</Unicode>
          </TextEquiv>
        </Word>
        <Word id="region0006_line0031_word0003" custom="readingOrder {index:2;}">
          <Coords points="724,1899 710,1899 709,1938 880,1942 880,1909 834,1908 830,1901 800,1901 798,1907 726,1905"/>
          <TextEquiv conf="0.9177271">
            <Unicode>interdicat</Unicode>
          </TextEquiv>
        </Word>
        <Word id="region0006_line0031_word0004" custom="readingOrder {index:3;}">
          <Coords points="945,1903 932,1903 927,1911 902,1910 902,1946 1174,1951 1174,1918 1160,1915 1120,1914 1115,1907 1112,1906 1096,1906 1083,1909 1081,1913 1076,1914 1030,1914 1027,1906 1022,1905 1006,1904 998,1913 987,1913 985,1907 979,1904 964,1904 961,1910 952,1910"/>
          <TextEquiv conf="0.12640716">
            <Unicode>adoleſcentibus.</Unicode>
          </TextEquiv>
        </Word>
        <Word id="region0006_line0031_word0005" custom="readingOrder {index:4;}">
          <Coords points="1268,1909 1227,1909 1226,1949 1350,1952 1350,1922 1303,1918 1299,1910 1286,1910 1282,1918 1269,1917"/>
          <TextEquiv conf="0.75420356">
            <Unicode>Gram-</Unicode>
          </TextEquiv>
        </Word>
        <TextEquiv>
          <Unicode>certos annos, interdicat adoleſcentibus. Gram-</Unicode>
        </TextEquiv>
      </TextLine>
      <TextEquiv>
        <Unicode>ſertationum ſingularum ſingulis credere ſcidulis
formae oƈtauae; quas deinde ad ordinem ele-
mentorum litterarum diſponebat. Huic nego-
tio neptis aliquoties operam commodauit ſuam.
Seruo adhuc memoriae cauſa complura folia, hoc
inſcripta modo manu puellari. Sic ſuos inſtituit
Gesnerus, cuius vita laboribus diſtriƈta fuit gra-
uiſſimis et perpetuis. Quid tandem efficere pot-
erant patres, qui a litteris non debebant eſſe
deſtituti, quorum animus marcet otio, illi in-
primis, qui - - Perhorreſco reuerentiam
muneris. Quorum filii eſſe debebant generis
humani ſpecimina, qui vero ſunt plerumque -
- - ſed malo me reprimere, et querelis, iuſtiſ-
ſimis licet, ne haec pagina habeat quid male. o-
minati, aditum hic intercludere. Gesnerus ve-
ro ſine Grammaticae miniſterio, ſolo vſu et con-
ſuetudine praeſtitit haec omnia. Subtiliſſimam
enim verborum philoſophiam hanc, malam pue-
rilis ſtudii, quae non expediat viam, ſed impe-
diat, iudicabat comitem. lgitur auƈtor erat,
rem praeſtantiſſimam quidem, ſed pueris no-
xiam, vsque eo differre; quoad illis maior et
linguae et rationis vſus contigiſſet. Cauſas rei
ipſe expoſuit luculenter in praefatione gramma-
ticae Cellerianae. Qui ab eo contemtam eſſe
hanc litteraturae partem clamant, non minus
ſunt ridiculi, quam ſi quis virum bonum, accu-
ſare vellet, eum odio habere ſexum muliebrem,
quoniam amicitiam cum eo contrahere ante
certos annos, interdicat adoleſcentibus. Gram-</Unicode>
      </TextEquiv>
    </TextRegion>
  </Page>
</PcGts>
