1509 2336
563 306 643 336 220

709 303 739 339 F.
761 300 905 336 Balduini
920 298 960 338 de
977 304 1109 341 Legibus
1124 304 1223 341 Conſt.
1240 298 1290 342 M.

386 1537 410 1571 l.
427 1545 457 1569 1.
473 1534 509 1568 C.
523 1532 553 1564 de

386 1582 492 1615 eurioſ.

390 1913 412 1947 l.
420 1912 510 1945 divus.
518 1911 553 1940 de

387 1953 496 1986 cuſtod.
506 1953 533 1982 &

389 1994 508 2030 exhibit.

571 386 725 426 Tamque
738 378 767 414 id
779 375 927 428 profecto
938 380 1029 418 valde
1037 380 1160 431 placuit
1169 379 1394 424 Conſtantino,

568 445 604 469 ut
615 430 725 482 ipſum
735 438 831 472 etiam
849 430 1073 480 magiſtratum
1082 436 1192 482 puniri
1209 434 1296 479 velit,
1300 431 1329 469 ſi
1346 448 1397 471 ca-

569 487 660 537 pitali
684 486 791 527 ſtatim
811 486 968 536 ſupplicio
984 501 1054 524 non
1080 485 1227 526 affecerit
1249 486 1395 526 cuſtodes

567 539 714 578 carceris,
722 554 879 578 eorumve
889 539 1054 577 miniſtros
1064 540 1226 578 infelicem
1236 548 1329 572 reum
1339 544 1395 571 aut

570 589 677 629 inedia
689 601 892 641 torquentes,
906 603 962 628 aut
978 592 1041 628 alio
1052 595 1200 629 cruciatu
1209 591 1395 643 affligentes.

611 692 717 752 Quod
732 697 770 734 ad
782 697 931 737 ordinem
953 700 986 736 &
1001 696 1098 736 uſum
1113 698 1303 750 capitalium
1313 698 1396 737 iudi-

568 753 697 785 ciorum
716 751 846 793 attinet,
879 748 1113 786 Conſtantinus
1142 750 1175 783 in
1197 751 1315 799 primis
1338 748 1395 788 ſibi

564 812 743 850 utrumque
768 800 860 838 valde
882 803 940 841 eſſe
955 803 990 840 &
1004 814 1089 840 curæ
1105 801 1138 838 &
1160 800 1275 842 cordi,
1289 800 1395 852 reipſa

563 854 709 892 oſtendit.
734 856 817 893 Nam
827 855 861 892 &
868 852 994 893 ſeverus
1002 866 1074 890 erat
1080 858 1269 898 criminum,
1282 855 1393 905 præci-

561 917 629 942 pue
638 908 848 950 atrociorum,
853 906 980 951 vindex,
992 906 1025 942 &
1035 908 1265 956 impunitatem
1275 905 1391 944 ſciebat

559 948 713 995 humanæ
730 955 886 994 ſocietatis
896 955 953 994 eſſe
962 959 1159 1008 perniciem:
1178 956 1211 992 &
1224 969 1310 1001 vero,
1327 966 1393 1006 qua

568 1014 639 1061 lege
649 1013 684 1050 &
684 1013 728 1050 in
739 1026 821 1063 quos
830 1012 903 1052 uſus
913 1015 952 1052 ab
965 1013 1033 1065 ipſo
1047 1015 1119 1052 Deo
1130 1015 1179 1050 ius
1196 1013 1294 1063 gladii
1303 1025 1392 1050 acce-

559 1060 663 1116 piſſet,
670 1079 737 1103 non
745 1065 915 1105 neſciebat.
937 1067 1112 1111 Audiebat,
1119 1065 1197 1115 quid
1206 1068 1232 1103 is
1242 1071 1306 1105 iam
1315 1065 1389 1104 inde

560 1120 601 1155 ab
609 1119 705 1169 ipſius
713 1120 805 1157 Noah
814 1120 1021 1168 temporibus
1033 1118 1187 1160 edixiſſet:
1206 1122 1238 1158 &
1247 1118 1390 1171 Delpho-

560 1179 637 1204 rum
655 1169 752 1205 etiam
769 1167 920 1216 exemplo
940 1170 1129 1218 permoveri
1148 1179 1288 1217 poterat,
1302 1166 1389 1219 apud

559 1234 642 1272 quos
651 1229 751 1264 moris
762 1223 851 1264 fuiſſe
872 1226 1070 1276 accepimus,
1080 1233 1118 1259 ut
1127 1236 1193 1273 quo
1211 1225 1319 1273 gladio
1333 1236 1390 1274 pe-

560 1274 661 1312 cudes
664 1274 698 1326 ad
715 1274 908 1315 ſacrificium
926 1273 1161 1321 mactabantur,
1181 1272 1322 1313 ſontium
1339 1288 1389 1314 ca-

562 1335 629 1383 pita
640 1335 737 1371 etiam
746 1334 935 1373 ferirentur.
982 1331 1073 1385 Quid
1073 1331 1209 1385 igitur?
1224 1335 1260 1371 In
1273 1336 1387 1386 primis

560 1385 678 1424 neceſle
686 1387 762 1434 fuit,
777 1381 884 1436 delicta
910 1389 929 1427 &
936 1386 1103 1431 maleficia,
1122 1399 1194 1436 quæ
1216 1386 1240 1423 ſi
1256 1387 1387 1432 lateant,

561 1439 728 1486 impunita
739 1437 878 1483 erunt,&
888 1441 986 1489 quæri
997 1438 1197 1476 &convinci:
1206 1438 1295 1477 ſicuti
1305 1439 1389 1477 &ve-

561 1501 644 1528 teres
661 1488 739 1542 ſæpe
767 1488 967 1543 monuerunt,
984 1487 1065 1543 Reip.
1087 1490 1239 1538 intereſſe,
1257 1491 1383 1530 multos

559 1550 618 1592 eſſe
633 1552 833 1585 accuſatores
848 1553 1037 1581 criminum.
1070 1545 1306 1580 Conſtantinus
1328 1551 1383 1581 ita-

559 1607 623 1643 que
639 1596 715 1634 ſuos
732 1597 846 1635 habuit
862 1596 1020 1636 Curioſos
1035 1599 1069 1635 &
1083 1599 1307 1635 Stationarios
1327 1594 1384 1644 (ſic

560 1650 649 1683 enim
665 1647 941 1698 appellabantur)
960 1648 1079 1697 quibus
1095 1647 1179 1686 edita
1195 1653 1294 1686 etiam
1314 1649 1382 1698 lege

560 1704 733 1749 præcepit,
745 1711 784 1736 ut
799 1698 936 1738 crimina
956 1697 1197 1752 inveſtigarent,
1210 1693 1383 1739 iudicibus-

563 1765 626 1803 que
633 1757 838 1793 nunciarent.
854 1753 919 1792 Sed
927 1756 1083 1807 præcepit
1098 1757 1197 1794 etiam
1211 1755 1382 1806 diligenter

561 1805 674 1856 (quod
686 1819 753 1843 non
765 1809 877 1843 minus
888 1818 956 1843 erat
964 1806 1101 1857 neceſſe)
1115 1821 1156 1844 ne
1167 1807 1248 1859 quid
1257 1804 1380 1857 negotii

560 1860 738 1896 inſontibus
748 1870 806 1909 per
814 1858 1012 1896 calumniam
1020 1859 1217 1898 faceſſerent.
1241 1864 1340 1900 Certe
1347 1859 1380 1896 &

560 1912 641 1966 olim
641 1912 821 1966 Antonin9
821 1912 981 1966 PiusImp.
981 1913 1381 1967 improbumIrenarcham

564 1973 676 2021 puniri
698 1970 800 2019 iuſſit,
823 1972 878 2022 qui
896 1970 936 2008 ad
957 1972 1126 2026 præſidem
1143 1973 1272 2014 miſiſſet
1285 1983 1380 2012 noto-

1329 2024 1379 2057 ria
