2490 2981
252 635 373 677 tifices
390 644 597 688 numquam
622 637 786 690 expreſſe
796 639 1088 688 confirmarint,
1106 653 1197 682 cum
1215 645 1333 687 multa
1353 646 1393 687 in
1410 659 1459 687 eo
1474 661 1537 689 oc-

251 696 425 741 currant,
444 697 541 739 quae
563 687 676 738 plane
702 680 808 739 falſa,
833 690 958 745 ſpuria
980 703 1017 732 et
1036 693 1175 734 incerta
1191 695 1294 742 ſunt,
1325 711 1369 736 vt
1392 702 1537 751 plenius

248 744 424 797 probauit
442 757 949 792 ANTON.AVGVSTINVS
967 750 1046 804 (a):
1075 764 1145 792 nec
1159 755 1337 805 pauciora
1353 758 1407 797 ibi
1425 762 1536 799 inue-

247 804 412 853 niantur,
431 816 527 857 quae
544 804 614 858 ipſi
632 806 850 851 auƈtoritati
869 809 992 861 papali
1013 812 1198 853 contraria
1223 815 1327 861 ſunt,
1362 826 1401 853 vt
1418 817 1535 869 pluri-

247 858 317 901 bus
346 859 617 904 demonſtrauit
644 876 908 906 INNOCENT.
936 879 1290 911 GENTILETTVS
1317 871 1406 926 (b);
1444 881 1538 925 taci-

246 925 285 953 te
305 925 431 955 tamen
451 915 591 958 artibus
605 918 842 961 clandeſtinis
858 921 937 961 eius
947 919 1211 966 auctoritatem
1229 925 1434 968 Pontifices
1446 931 1545 979 pro-

244 982 454 1014 mouerunt
475 973 620 1029 optime
636 974 843 1020 iudicantes
857 979 896 1020 in
907 980 1173 1026 fauorabilibus
1193 984 1229 1027 ſe
1244 984 1358 1025 huius
1376 996 1453 1038 ope
1462 989 1530 1035 vti,

243 1033 285 1068 in
303 1035 462 1076 aduerſis
482 1046 610 1076 autem
634 1032 901 1084 exceptionem
919 1032 1130 1077 deficientis
1147 1036 1436 1090 approbationis
1455 1052 1529 1093 op-

242 1099 388 1140 ponere
409 1088 534 1142 poſſe;
572 1098 609 1126 et
626 1103 713 1131 cum
733 1092 811 1133 hoc
831 1093 1035 1134 Decretum
1064 1107 1304 1138 GRATIANI
1326 1099 1463 1143 ſcholis
1483 1102 1529 1143 ad

240 1146 535 1198 praeleƈtionem
557 1147 685 1188 datum
704 1148 766 1201 ſit,
788 1161 836 1189 ex
850 1147 912 1190 his
933 1161 1089 1207 quoque
1103 1152 1144 1194 in
1160 1153 1239 1197 fora
1261 1163 1298 1196 et
1316 1153 1453 1209 judicia
1469 1161 1528 1201 vſu

243 1215 282 1245 et
301 1200 575 1247 conſuetudine
596 1204 729 1250 ſenſim
749 1205 967 1253 translatum
986 1209 1058 1253 eſt:
1088 1212 1199 1255 cuius
1218 1213 1355 1256 deinde
1367 1214 1528 1259 auƈtori-

240 1277 356 1307 tatem
376 1264 484 1309 valde
509 1278 787 1322 promouerunt
821 1264 1044 1331 Gloſſatores
1069 1271 1197 1327 gloſſis
1216 1275 1289 1318 ſuis
1312 1287 1415 1332 opus
1424 1284 1529 1334 GR A-

240 1338 380 1366 TIANI
398 1324 618 1369 illuſtrantes
638 1326 709 1383 (c).
739 1328 843 1383 Quia
866 1342 960 1379 vero
975 1331 1117 1374 eodem
1136 1345 1312 1387 tempore
1333 1340 1395 1379 Ius
1415 1339 1527 1380 Iuſti-

238 1383 422 1425 nianeum
444 1385 484 1424 in
515 1382 711 1431 Academia
736 1382 952 1440 Bononienſi
972 1389 1018 1432 ab
1029 1392 1176 1434 Irnerio
1196 1404 1233 1435 et
1255 1393 1335 1435 aliis
1346 1389 1387 1446 in
1397 1400 1526 1438 lucem

238 1436 540 1494 producebatur,
568 1452 703 1491 magna
738 1453 895 1496 quoque
924 1446 1129 1489 aemulatio
1148 1459 1186 1488 et
1209 1451 1407 1492 contentio
1430 1452 1528 1492 inter

236 1494 428 1549 vtriusque
457 1496 550 1539 iuris
572 1492 783 1547 Doƈtores,
803 1511 972 1554 quorum
993 1504 1048 1544 illi
1078 1506 1335 1554 Decretiſtae,
1367 1507 1409 1547 hi
1432 1521 1524 1549 vero

236 1555 406 1608 Legiſtae
427 1556 660 1608 dicebantur,
673 1558 865 1601 oriebatur
874 1560 967 1616 (d);
990 1560 1090 1605 vnde
1108 1573 1146 1604 et
1156 1565 1405 1619 prouerbium
1423 1582 1442 1608 a
1452 1571 1526 1610 Le-

235 1612 339 1666 giſtis
359 1624 509 1658 ortum:
540 1617 706 1675 Magnus
728 1619 934 1675 Canoniſta,
950 1635 1108 1676 magnus
1122 1626 1297 1680 Aſiniſta,
1314 1627 1388 1684 (e).
1423 1629 1527 1672 Nul-

235 1665 321 1698 lum
335 1670 465 1703 tamen
485 1661 645 1702 dubium
657 1663 720 1710 eſt,
741 1667 860 1702 etiam
880 1679 930 1704 eo
949 1661 1126 1716 tempore
1147 1676 1440 1717 Decretiſtarum
1459 1688 1524 1709 au-

234 1720 450 1766 ƈtoritatem
466 1721 576 1778 fuiſſe
594 1725 809 1776 maiorem,
834 1730 925 1780 quia
943 1743 964 1769 a
983 1730 1235 1774 Pontificibus
1249 1731 1524 1779 ſuſtinebantur

986 1795 1017 1829 B
1043 1802 1064 1830 2

1483 1800 1521 1836 et

280 1829 339 1878 (a)
343 1830 498 1871 Archiep.
510 1836 635 1873 Tarrac.
638 1845 675 1868 de
681 1837 900 1872 emendatione
909 1840 1071 1880 Gratiani,
1077 1845 1174 1876 quem
1190 1855 1263 1877 cum
1271 1847 1332 1879 ſuis
1341 1858 1372 1877 et
1372 1858 1521 1879 STEPH.

235 1893 402 1919 BALVZII
417 1879 502 1911 notis
511 1872 615 1914 edidit
629 1888 864 1914 GERHARDVS
877 1892 943 1914 van
952 1893 1192 1918 MASTRICHT
1199 1887 1395 1920 Arnhemiae
1403 1891 1520 1927 1678.8.

284 1926 339 1977 (b)
365 1930 398 1964 in
420 1928 564 1978 apologia
575 1941 638 1977 pro
655 1933 799 1980 Eccleſiis
819 1936 1019 1978 reformatis.
1051 1938 1189 1974 ſecunda
1202 1941 1277 1973 vice
1290 1941 1376 1976 edita
1390 1948 1471 1985 1588.
1486 1949 1519 1980 8.

234 1978 323 2013 conf.
343 1977 484 2029 Praenot.
499 1981 632 2027 iurispr.
646 1980 725 2023 eccl.
735 1976 767 2033 §.
780 1983 866 2020 VIII.
885 1995 912 2030 p.
922 1984 957 2019 16.
964 1982 1054 2031 ſeqq.
1063 1996 1096 2019 et
1112 1996 1153 2022 tr.
1167 1988 1223 2022 ſub
1234 1989 1350 2025 titulo:
1386 1991 1519 2030 Gedan⸗

235 2030 303 2071 cken
317 2036 383 2067 von
399 2034 451 2068 der
465 2030 749 2081 Nothwendigkeit
766 2038 831 2073 und
840 2034 965 2082 Nutzen
975 2041 1026 2075 der
1036 2037 1226 2086 Erlernung
1243 2042 1297 2078 des
1308 2040 1407 2088 ſowol
1422 2051 1518 2081 cano⸗

232 2081 354 2132 niſchen
368 2078 585 2133 Paͤbſtlichen,
593 2082 646 2120 als
654 2083 944 2136 Proteſtantiſchen
944 2086 1245 2137 Kirchen ⸗ Rechts
1261 2099 1322 2128 vor
1334 2091 1423 2131 einen
1439 2096 1517 2131 Stu-

235 2141 363 2178 dioſum
379 2131 603 2181 Theologiae,
624 2135 656 2182 §.
670 2138 739 2173 XII.
753 2138 811 2173 vbi
822 2137 932 2184 plures
953 2147 1101 2182 autores,
1124 2141 1181 2185 qui
1198 2138 1266 2176 hoc
1287 2152 1517 2190 argumentum

233 2187 474 2240 pertraƈtarunt,
487 2182 638 2235 excitaui.

283 2254 335 2295 (c)
357 2246 425 2279 vid.
451 2243 724 2274 PANCIROLLVS
749 2234 899 2279 declaris
911 2239 1017 2289 legum
1032 2238 1265 2292 interpretibus
1277 2243 1300 2284 I.
1313 2244 1375 2283 III.
1396 2254 1466 2295 cap.
1479 2273 1514 2303 3.

239 2305 486 2341 MASTRICHT
486 2304 529 2341 n.
543 2305 611 2337 334.

282 2360 334 2392 (d)
357 2356 422 2384 vid.
449 2354 736 2385 PANCIROLLVS
763 2340 785 2378 I.
799 2341 881 2379 II.c.
898 2353 947 2386 14.
961 2351 996 2379 et
1013 2343 1037 2380 l.
1050 2345 1112 2383 III.
1126 2359 1154 2391 c.
1168 2358 1196 2394 2.
1217 2363 1250 2387 et
1269 2366 1458 2397 GRAVINA
1471 2360 1515 2399 de

233 2406 309 2435 ortu
321 2407 355 2433 et
360 2399 527 2448 progreſſu
540 2403 626 2437 iuris
636 2411 671 2448 p.
687 2413 746 2437 101.

286 2455 339 2497 (e)
362 2458 405 2492 de
424 2457 492 2494 quo
506 2445 653 2488 videatur
668 2446 979 2489 HOTTOMANNVS
1002 2448 1297 2502 Anti-Triboniano
1297 2454 1338 2503 c.
1347 2458 1434 2498 XIII.

1553 685 1624 711 can.
1645 674 1729 725 prae

1552 730 1626 763 iure
1638 725 1729 780 iuſti-

1552 776 1645 810 nian.
1665 785 1727 822 per

1549 821 1714 859 decretum

1550 878 1709 915 Gratiani

1545 926 1605 980 ſec.
1628 936 1701 973 XII.

1546 986 1675 1028 acceſſit.
