2634 3025
1089 529 1148 571 88

1357 529 1456 578 DE
1456 529 1888 578 REIPVBLICAE
1888 529 2135 578 MIXTAE

1096 624 1259 671 Eadem
1284 623 1343 668 eſt
1362 621 1486 675 ratio,
1507 634 1613 678 quae
1641 619 1914 665 Cleomenem
1940 618 2108 677 impulit
2137 630 2284 675 regem
2311 621 2382 661 ad

1096 688 1296 747 Ephoros
1316 701 1339 730 e
1357 685 1498 734 medio
1517 685 1641 745 plane
1666 673 1884 740 tollendos,
1897 699 1943 729 vt
1959 699 2011 726 ex
2036 699 2081 724 ea
2097 688 2192 739 ipſa,
2204 692 2315 740 regis
2325 689 2366 725 il-

1096 760 1177 807 lius
1197 760 1356 806 reddita
1365 760 1534 805 inſtituti
1551 758 1608 803 ſui
1617 758 1790 813 ratione,
1801 770 1928 813 quam
1958 771 1968 800 a
1981 755 2295 813 PLVTARCHO
2327 762 2372 801 in

1097 832 1206 879 illius
1218 836 1301 878 vita
1323 829 1465 875 litteris
1483 827 1720 880 mandatam
1741 828 1973 889 habemus,
1994 828 2226 873 luculenter
2245 842 2373 884 patet.

1096 907 1170 955 Ait
1190 909 1301 951 enim
1315 905 1584 959 Cleomenes;
1622 903 1837 961 Ephoros,
1849 901 1873 962 a
1895 901 2057 960 Regibus
2071 894 2376 958 Spartanorum

1098 973 1308 1023 aſſumtos,
1317 974 1416 1014 iuris
1434 972 1596 1016 dicendi
1608 962 1733 1022 cauſa,
1748 972 1931 1021 vicarios,
1941 969 2143 1023 poteſtate
2159 972 2228 1010 ſua
2239 974 2291 1010 ita
2305 968 2375 1010 ab-

1099 1041 1192 1085 uſos
1211 1039 1310 1095 eſſe,
1320 1043 1363 1092 vt
1360 1050 1496 1095 neque
1514 1035 1608 1094 ipſis
1629 1036 1798 1095 regibus
1819 1048 1992 1091 omnem
2014 1038 2179 1079 auferre
2198 1043 2387 1081 maieſta-

1102 1128 1182 1163 tem
1189 1113 1493 1173 dubitauerint.
1516 1111 1633 1174 Quae
1647 1112 1673 1158 ſi
1693 1109 1806 1159 reƈte
1833 1108 2072 1177 perpendas,
2090 1110 2236 1175 videbis
2253 1101 2379 1158 Cleo-

1099 1204 1271 1237 menem
1313 1191 1387 1234 niti
1427 1189 1626 1248 opinione
1662 1185 1753 1243 illa,
1798 1186 1969 1246 regibus
2005 1184 2123 1234 fuiſſe
2159 1185 2379 1231 Laconicis

1102 1258 1275 1305 omnino
1296 1272 1390 1302 eam
1409 1257 1671 1312 maieſtatem,
1691 1267 1799 1314 quae
1817 1257 1871 1298 ad
1888 1267 2048 1314 regem,
2070 1268 2117 1298 re
2138 1257 2219 1312 ipſa
2239 1258 2377 1309 talem,

1096 1336 1307 1396 pertinet,
1335 1346 1513 1392 eamque
1551 1333 1603 1379 ab
1632 1333 1818 1393 Ephoris
1847 1334 1992 1380 iniuſte
2019 1331 2137 1379 fuiſſe
2169 1328 2378 1376 violatam.

1100 1405 1149 1452 Id
1166 1403 1284 1463 quod
1303 1403 1443 1448 tamen
1458 1402 1575 1449 aliter
1595 1404 1768 1448 omnino
1786 1402 1868 1447 ſeſe
1888 1400 2084 1458 habuiſſe,
2104 1414 2156 1443 ex
2174 1414 2238 1452 eo,
2262 1400 2409 1456 quod

1099 1467 1145 1511 in
1165 1464 1250 1524 ipſa
1265 1464 1545 1510 diſſertatione
1561 1465 1751 1518 tulimus,
1763 1467 1816 1504 de
1833 1468 2007 1518 regibus
2027 1469 2381 1528 Lacedaemonio-

1080 1559 1225 1600 rum,
1250 1543 1475 1599 iudicium,
1502 1545 1585 1587 iam
1613 1543 1689 1585 erit
1708 1541 1938 1599 cognitum.
2011 1539 2205 1596 Apparet
2229 1554 2381 1593 tamen,

1087 1607 1395 1665 Cleomenem,
1421 1621 1509 1653 non
1524 1610 1645 1650 aliam
1666 1608 1722 1652 ob
1742 1606 1903 1649 cauſam
1921 1605 2116 1650 ſuſtuliſſe
2135 1611 2405 1660 Ephoriam,

1104 1687 1256 1735 quam,
1277 1675 1373 1734 quia
1391 1674 1617 1737 quaedam,
1637 1665 1730 1722 ſuae
1746 1675 1820 1721 ſibi
1839 1672 2066 1732 dignitatis,
2083 1676 2193 1728 iura,
2212 1679 2382 1717 arbitra-

1102 1752 1228 1800 batur
1254 1751 1406 1807 ablata,
1425 1762 1550 1809 quae,
1575 1761 1694 1805 cum,
1715 1759 1762 1795 vt
1789 1745 1871 1809 ipſe
1890 1749 2101 1807 queritur,
2122 1762 2211 1793 non
2237 1752 2315 1794 niſi
2337 1753 2381 1794 vi

1103 1824 1306 1870 vindicari
1324 1834 1532 1882 poterant,
1549 1819 1829 1879 Ephororum
1850 1820 2135 1865 internecione
2154 1821 2383 1864 obtinenda

1106 1892 1296 1942 fuerunt.

1245 1959 1456 2001 Oriuntur
1470 1966 1634 2006 autem,
1652 1979 1803 2008 omnes
1826 1966 2030 2010 eiusmodi
2054 1971 2407 2019 rerumpublica-

1106 2042 1208 2075 rum
1230 2029 1513 2075 concuſſiones
1534 2039 1586 2070 ex
1606 2039 1677 2079 eo,
1701 2031 1833 2084 quod,
1854 2034 1942 2089 etſi
1963 2034 2207 2088 respublicae
2239 2039 2386 2069 mixtae

1103 2096 1247 2166 neque
1273 2103 1449 2151 exiſtere
1466 2107 1635 2163 queant,
1650 2095 1794 2161 neque
1816 2103 1925 2147 adeo
1944 2118 1992 2146 re
2013 2106 2096 2161 ipſa
2113 2108 2301 2156 exiſtant,
2318 2120 2385 2144 ea-

1108 2196 1210 2228 rum
1234 2194 1371 2226 tamen
1391 2183 1519 2246 notio,
1545 2191 1638 2225 tam
1655 2179 1733 2225 alte
1753 2179 1815 2237 ſit,
1840 2179 2010 2236 ciuium,
2029 2182 2080 2223 in
2090 2173 2297 2223 eiusmodi
2322 2185 2385 2223 re-

1108 2254 1368 2317 buspublicis
1389 2252 1657 2313 degentium,
1682 2252 1809 2301 infixa
1819 2251 2061 2309 mentibus,
2075 2264 2124 2296 vt
2140 2264 2212 2295 aut
2229 2252 2393 2304 difficil-

1107 2326 1222 2380 lime,
1240 2337 1312 2370 aut
1329 2324 1451 2382 plane
1468 2340 1569 2380 non,
1598 2321 1736 2368 diuelli
1756 2334 1892 2383 queat.
1965 2320 2064 2389 Quo
2082 2319 2193 2366 faƈto
2212 2326 2300 2367 non
2319 2325 2390 2366 ali-

1110 2401 1175 2434 ter
1191 2390 1359 2434 euenire
1380 2391 1529 2447 poteſt,
1552 2398 1682 2446 quam
1699 2399 1748 2429 vt
1771 2377 2021 2445 imperium,
2046 2395 2089 2429 in
2113 2395 2319 2430 eiusmodi
2337 2396 2390 2429 ci-

1113 2464 1322 2520 uitatibus,
1343 2464 1391 2507 ſit
1413 2462 1537 2521 plane
1555 2465 1801 2521 incertum,
1793 2473 1868 2524 aut
1894 2462 1923 2504 ſi
1951 2475 2002 2505 ex
2030 2458 2114 2519 ipſa
2142 2467 2205 2503 rei
2227 2475 2390 2513 natura,

1110 2549 1244 2595 quem
1262 2539 1305 2588 in
1322 2538 1447 2584 hacce
1463 2533 1762 2596 propoſuimus
1781 2532 2035 2592 traƈtatione,
2045 2521 2162 2595 loqui
2179 2521 2410 2593 malimus,

2217 2617 2397 2660 omnino
