1543 2382
458 544 532 571 non
538 534 692 584 poſſunt.
727 532 821 580 Sicut
838 534 914 584 enim
931 537 967 583 in
980 542 1045 579 hac
1050 542 1129 578 vita
1131 545 1383 583 tormentorum

458 583 656 620 acerbitas&
664 581 879 621 vehementia
886 583 979 624 ſenſu
987 584 1195 636 quandoque
1203 588 1386 627 hominem

455 634 586 681 privat,
599 630 695 683 quod
704 635 868 683 exemplis
878 646 1018 678 eorum,
1028 638 1089 686 qui
1097 639 1191 688 preſſi
1202 643 1336 679 torturis
1346 644 1383 679 &

455 684 578 724 eculeo
590 679 766 718 excruciati
774 678 922 730 fuerunt,
931 679 1076 732 docetur:
1099 692 1143 721 ita
1153 686 1188 721 in
1198 688 1297 727 altera
1305 685 1383 729 vita,

451 736 514 773 ubi
525 740 561 773 in
569 736 746 782 ſtuporem
755 734 863 788 redigi
872 737 980 778 ſenſus
988 738 1081 778 haud
1095 742 1264 795 poterunt,
1274 736 1384 797 ſtupo-

454 796 492 822 re
503 793 593 819 certe
602 783 814 825 intellectum
825 791 860 825 &
880 787 1093 828 voluntatem
1105 792 1280 837 opprimet
1290 790 1387 829 dolo-

454 839 498 874 ris
507 833 745 881 immanitas,
719 842 746 888 ut
753 837 884 887 ſingere
892 837 1013 878 ſcelera
1023 841 1057 877 &
1066 839 1220 879 meditari
1230 842 1382 896 blaſphe-

446 877 542 921 mias
560 883 596 919 &
611 886 725 924 moliri
742 885 891 925 facinora
907 898 1126 937 nequaquam
1150 888 1212 925 ſint
1228 893 1380 930 valitura.

452 934 531 982 Jam
540 946 621 972 vero
633 935 798 975 damnatis
806 948 991 990 perpetuus
1009 941 1080 980 ſine
1097 942 1162 979 ulla
1173 943 1383 984 intermiſſio-

451 989 511 1029 ne,
519 980 604 1041 isque
616 989 796 1029 acerrimus
807 991 948 1029 inuritur
965 990 1070 1034 dolor.
1098 988 1222 1048 Apocal.
1247 989 1378 1049 XIV,11.

440 1045 488 1078 &
498 1045 581 1078 Eſai.
593 1047 662 1078 LX
676 1041 719 1078 VI,
718 1057 795 1078 24.
806 1049 909 1078 Ergo.

498 1088 659 1130 LXXV.
676 1084 933 1139 Argumentum
945 1087 1117 1136 decimum
1127 1088 1286 1133 quintum
1297 1103 1378 1131 con-

446 1135 556 1177 ſtituit
579 1140 762 1180 auctoritas
783 1141 982 1181 Doctorum
999 1135 1312 1191 Scholaſticorum,
1333 1146 1377 1183 de

449 1189 574 1235 quibus
590 1190 635 1223 ita
641 1184 850 1227 Sanfordus:
875 1195 918 1226 At
924 1198 1069 1239 peccare,
1082 1195 1219 1241 inquies,
1234 1190 1377 1229 damnati

440 1242 584 1282 poſſunt,
596 1241 650 1282 etſi
652 1246 739 1284 agere
747 1249 808 1271 non
819 1241 970 1286 poſſunt:
992 1241 1098 1277 habitu
1114 1237 1258 1283 nimirum
1268 1247 1307 1283 &
1311 1239 1376 1282 vo-

446 1294 581 1328 luntate,
606 1300 655 1326 etſi
673 1296 704 1323 in
716 1290 820 1327 actum
834 1301 1032 1341 prorumpere
1045 1292 1091 1330 ille
1101 1295 1221 1330 habitus
1235 1303 1377 1344 nequeat.

438 1343 568 1384 Negare
582 1336 700 1378 videtur
713 1346 955 1385 Bonaventura,
978 1343 1164 1381 voluntatem
1180 1347 1211 1378 in
1220 1345 1374 1383 damnatis

437 1393 586 1434 peccandi
605 1392 693 1438 ullam
713 1393 808 1439 eſſe.
822 1393 917 1427 Mala
931 1394 1069 1430 voluntas
1080 1397 1113 1428 in
1116 1403 1250 1442 pœnam,
1263 1392 1373 1442 inquit,

440 1442 485 1493 &
491 1441 569 1484 bona
578 1444 715 1493 voluntas
721 1450 753 1480 in
754 1440 911 1485 gloriam:
928 1441 960 1482 ſi
965 1445 1090 1483 peccare
1100 1438 1216 1486 poſſent
1230 1443 1369 1478 damna-

436 1489 486 1530 ti,
494 1493 633 1534 creſceret
642 1506 732 1536 pœna
748 1502 781 1537 in
797 1493 960 1538 infinitum.
1015 1490 1138 1529 Nollent
1145 1494 1279 1542 peccaſſe
1286 1504 1371 1544 pro-

436 1553 508 1584 pter
518 1545 653 1586 ſupplicii
665 1541 861 1582 acerbitatem
887 1548 905 1585 &
937 1543 1095 1586 delectatio
1104 1549 1225 1597 peccati
1236 1543 1314 1595 jam
1325 1557 1366 1584 o-

440 1587 520 1625 mnis
538 1596 668 1628 evanuit.
739 1596 853 1628 Contra
871 1593 1084 1634 Lombardus:
1106 1596 1296 1648 Quæritur,
1285 1593 1369 1647 in-

434 1640 533 1680 quit,
559 1640 711 1682 quomodo
732 1650 794 1682 non
802 1651 926 1686 peccent
945 1646 1113 1689 damnati,
1136 1658 1232 1690 quum
1249 1645 1368 1683 malam

432 1691 576 1731 babeant
591 1693 803 1728 voluntatem?
827 1694 974 1744 Quidam
986 1705 1201 1741 autumnant,
1225 1699 1370 1739 volunta-

440 1752 502 1779 tem
513 1739 598 1776 illam
613 1752 672 1779 non
686 1739 740 1788 eſſe
750 1751 939 1789 peccatum,
955 1748 1014 1791 ſed
1026 1748 1208 1796 ſupplicium
1222 1757 1366 1789 tantum:

439 1789 495 1829 alii
510 1802 577 1826 vero
586 1801 744 1837 peccatum
767 1793 820 1839 eſſe
830 1789 1014 1841 fatentur,
1024 1802 1083 1843 ſed
1096 1802 1221 1839 dicunt,
1237 1794 1299 1833 non
1313 1802 1366 1848 eſſe

438 1840 581 1878 meritum
589 1838 756 1889 ſupplicii,
782 1844 830 1886 ſed
835 1837 1020 1892 ſupplicium
1046 1849 1120 1897 mali
1124 1848 1261 1890 meriti,
1282 1848 1371 1897 quod

436 1892 471 1930 in
484 1891 555 1927 vita
561 1889 718 1939 præceſſit,
742 1893 790 1928 ad
804 1899 892 1941 quod
908 1889 966 1949 ipſe
970 1891 1109 1945 inclinat.
1167 1901 1220 1945 At
1232 1912 1295 1936 non
1304 1910 1365 1949 pro

431 1939 571 1988 magiſtri
585 1951 725 1978 acumine
739 1936 926 1991 Lombardus
948 1939 1050 1998 nodum
1060 1941 1140 2000 iſtum
1158 1948 1257 2001 ſolvit.
1274 1947 1365 1999 Pec-

431 2001 496 2039 cati
512 1991 621 2035 etenim
635 1999 746 2032 merces
767 2000 857 2032 mors,
880 1985 953 2043 Rom.
967 1990 1090 2045 VI,23.
1109 1994 1179 2039 ita,
1187 1996 1363 2044 peccatum,

418 2045 454 2089 ſi
459 2050 567 2090 prava
582 2043 800 2086 damnatorum
817 2038 948 2100 voluntas
964 2042 1020 2102 ſit,
1029 2052 1076 2094 &
1088 2044 1229 2098 meritum
1245 2062 1365 2098 quoque
