2355 2876
877 521 1241 572 Reproductionem
1268 523 1451 566 Teſtium
1476 525 1535 564 vel
1556 526 1905 565 Documentorum
1925 522 2135 577 præfigat,

877 570 918 610 in
936 581 1021 620 quo
1041 580 1204 622 utraque
1219 573 1305 614 Pars
1329 572 1630 622 Interrogatoria
1651 582 1794 614 mutuo
1808 574 1959 621 offerat,
1968 576 2110 618 Teſtes

877 620 1164 668 examinentur,
1180 623 1432 662 Documenta
1450 631 1593 661 mutuo
1616 621 1967 670 recognoſcantur,
1987 630 2107 678 atque

875 661 1017 710 ſtatim,
1031 661 1133 701 hiſce
1155 662 1335 711 peractis,
1355 661 1567 711 publicatio
1583 663 1830 705 Probationis
1849 668 1885 704 &
1909 668 2109 713 Reproba-

875 718 998 755 tionis
1017 716 1099 763 fiat,
1126 718 1142 756 &
1171 719 1220 757 ita
1238 718 1319 756 hæc
1337 717 1420 766 pari
1437 717 1537 768 paſſu
1556 718 1820 767 perficiantur.
1867 722 1904 761 Si
1930 730 2028 760 unus
2052 722 2110 761 vel

876 763 974 804 alter
992 774 1039 804 ex
1052 763 1225 806 Partibus
1240 767 1491 806 Documenta
1511 764 1850 817 recognoſcere,
1827 763 1887 816 vel
1894 767 2053 811 Teſtem
2066 768 2114 808 ad

876 811 1145 852 teſtimonium
1164 812 1370 853 admittere
1392 807 1594 865 detrectet,
1612 811 1724 861 Judex
1740 812 1840 851 hanc
1862 813 2114 868 quæſtionem

874 859 1018 908 ſtatim,
1035 859 1257 902 breviſſime
1274 859 1414 902 auditis
1429 860 1605 910 partibus
1619 860 1668 904 de
1682 861 1819 910 cauſis,
1838 874 1898 901 cur
1915 872 2114 911 recogno-

873 910 997 952 ſcere,
1011 911 1070 952 vel
1085 912 1225 952 Teſtes
1253 911 1460 952 admittere
1481 911 1638 960 nolint,
1664 910 1820 961 audiat,
1848 911 2041 964 ſimulque
2070 915 2114 955 in

874 957 959 1007 ipſo
973 959 1175 1001 Termino
1191 957 1368 1008 decidat,
1386 957 1410 998 â
1433 970 1510 1008 qua
1532 958 1742 1007 ſententia,
1757 971 1850 999 cum
1875 962 2025 1004 nemini
2044 962 2110 1002 da-

874 1015 1017 1048 mnum
1031 1006 1276 1055 irreparabile
1293 1007 1448 1054 inferat,
1467 1017 1507 1046 ut
1525 1009 1566 1048 in
1587 1008 1666 1048 aliis
1680 1009 2018 1058 ſummariiſſimis,
2041 1021 2110 1047 ne-

877 1062 957 1094 que
979 1047 1328 1102 Leuterationem,
1350 1063 1483 1102 neque
1494 1053 1815 1108 Appellationem
1827 1051 1999 1111 admitti,
2025 1056 2112 1102 con-

881 1098 1019 1143 ſultum
1037 1097 1156 1141 duco.

1363 1146 1396 1194 §.
1452 1143 1622 1191 XXXIV.

973 1194 1166 1237 Publicata
1185 1194 1348 1235 demum
1366 1193 1602 1236 Probatione
1617 1194 1653 1236 &
1665 1194 2026 1248 Reprobatione,
1980 1203 2019 1252 ut
2041 1206 2107 1236 an-

876 1253 917 1285 te
936 1243 1100 1295 dictum,
1112 1243 1235 1285 Actor
1257 1246 1296 1285 &
1315 1247 1441 1293 Reus,
1462 1246 1561 1285 intra
1577 1243 1878 1297 quatuordecim
1899 1246 2003 1297 dies,
2020 1248 2109 1288 ſcri-

877 1304 942 1343 pta
960 1294 1021 1335 ſua
1049 1305 1091 1335 ut
1113 1306 1256 1336 vocant
1271 1295 1495 1337 Salvationis
1511 1298 1548 1337 &
1569 1295 1777 1348 reſpective
1792 1292 2102 1346 Impugnationis

877 1342 1065 1390 offerant,
1087 1340 1134 1384 ad
1151 1352 1237 1391 quæ
1247 1340 1386 1390 Judex,
1404 1343 1521 1382 etiam
1545 1344 1647 1386 intra
1660 1343 1778 1383 breve
1792 1351 1951 1392 tempus
1966 1355 2106 1393 quatu-

878 1390 1056 1432 ordecim
1077 1392 1246 1438 dierum,
1262 1392 1504 1435 Sententiam
1524 1391 1643 1442 ferat,
1665 1402 1732 1430 aut
1747 1393 1807 1432 his
1832 1395 2002 1440 omiſſis,
2020 1399 2106 1440 pœ-

877 1446 990 1482 nam,
1003 1448 1074 1485 per
1093 1436 1344 1479 Sanctionem
1360 1433 1639 1487 Pragmaticam
1654 1439 1853 1487 ſtatutam,
1877 1440 1985 1482 Fiſco
2001 1449 2106 1481 ante-

879 1488 986 1523 dicto
1008 1490 1140 1523 ſolvat.

1366 1542 1404 1579 §.
1451 1541 1616 1579 XXXV.

973 1582 1118 1623 Hocce
1137 1578 1264 1621 modo
1283 1580 1400 1625 etiam
1414 1581 1470 1623 in
1480 1580 1722 1625 Proceſſibus
1736 1582 1984 1634 Summariis,
1999 1583 2105 1624 Inhi-

876 1607 1027 1667 bitivis,
1049 1622 1191 1658 Arreſti
1215 1623 1291 1659 &c.
1309 1623 1382 1660 hac
1403 1629 1499 1660 cum
1522 1621 1739 1662 differentia
1752 1623 1921 1662 adhibita
1944 1628 2108 1662 procedi

871 1677 1024 1732 poteſt,
1053 1687 1095 1718 ut
1120 1677 1345 1721 breviſſimo
1367 1679 1565 1722 Termino
1585 1672 1760 1733 præfixo,
1783 1683 1906 1722 Partes
1921 1673 2049 1722 ſtatim
2066 1684 2108 1725 in

873 1725 973 1784 ipſo,
984 1737 1068 1776 quæ
1084 1727 1346 1776 proponenda
1360 1736 1513 1784 putant,
1530 1728 1710 1772 oretenus
1730 1740 1951 1778 proponant
1971 1730 1994 1770 &
2008 1744 2107 1775 con-

875 1773 1051 1820 cludant;
1078 1776 1175 1830 Quæ
1190 1774 1348 1826 ſingula,
1361 1777 1472 1817 latius
1488 1785 1716 1825 proponere
1736 1789 1827 1818 cum
1847 1777 2014 1827 anguſtia
2030 1778 2112 1822 hu-

872 1826 931 1864 jus
949 1822 1230 1866 Diſſertationis
1246 1835 1330 1863 non
1358 1825 1577 1871 permittat,
1595 1823 1815 1874 ſpecialiter
1853 1836 1993 1867 unacum
2018 1827 2105 1867 aliis

867 1862 1129 1917 Proceſſuum
1141 1860 1502 1923 abbreviandorum
1509 1869 1652 1924 modis,
1664 1870 1747 1913 alio
1763 1870 1857 1913 loco
1872 1873 1990 1923 atque
2004 1878 2106 1913 tem-

872 1930 975 1967 pore
996 1920 1117 1964 fuſius
1129 1922 1371 1971 exponam.

1324 1967 1398 2005 §.
1431 1967 1611 1998 XXXVI.

971 2015 1015 2049 In
1032 2001 1299 2046 Concurſibus
1321 2005 1599 2040 Creditorum,
1616 2015 1686 2034 vel
1702 2007 1778 2034 alio
1791 2007 2021 2054 Certamine
2040 2029 2114 2060 eo-

870 2076 961 2112 rum
979 2065 1091 2114 ſuper
1104 2065 1334 2114 prioritate,
1341 2060 1373 2111 in
1384 2064 1568 2116 Pignore,
1579 2060 1642 2111 vel
1661 2065 1890 2118 Hypotheca,
1904 2065 2028 2119 Judex
2038 2080 2106 2108 an-

871 2120 911 2153 te
925 2105 1061 2151 omnia
1075 2105 1381 2160 circumſpectus
1404 2106 1472 2161 eſſe
1491 2112 1623 2159 debet,
1633 2121 1684 2153 ut
1692 2113 1821 2155 libros
1842 2113 1946 2161 ſuos,
1962 2116 2000 2152 in
2016 2115 2104 2160 qui-

871 2158 945 2205 bus
958 2153 1201 2209 Hypothecæ
1217 2158 1275 2197 vel
1292 2159 1472 2210 pignora,
1496 2161 1566 2210 cum
1598 2159 1718 2203 ipſius
1734 2154 1945 2211 Conſenſu,
1960 2154 2107 2211 ſcriptis

871 2200 1065 2258 deſignata
1078 2206 1179 2257 ſunt,
1197 2205 1395 2258 diligenter
1417 2200 1626 2259 evolvat,&
1648 2203 1687 2263 ſi
1694 2208 1840 2261 plures
1851 2202 1995 2259 adſint,
2016 2220 2106 2259 quo-
