1774 2508
364 435 574 459 EMBLEMATA
605 434 823 461 TRIBONIANI.

991 441 1028 474 31

168 517 235 548 cum
245 515 279 549 in
280 511 389 561 fundo
389 511 440 560 78.
457 513 493 554 §.
502 524 531 551 2.
546 510 582 548 de
593 515 656 549 iur.
666 511 731 547 dot.
759 513 856 561 Atqui
865 510 982 548 mulier
990 516 1025 550 in

171 553 230 595 d.l.
242 561 289 597 66.
302 569 374 604 erat
383 564 533 606 domina.
580 570 671 604 Nam
686 566 829 600 diuortio
845 563 947 599 ſoluto
958 576 1027 600 ma-

169 616 325 652 trimonio
339 613 452 651 dotem
470 612 694 655 aduentitiam,
709 612 768 658 (de
778 624 838 663 qua
847 613 890 648 ibi
900 615 1025 661 agitur)

167 665 285 703 mulier
293 669 421 717 repetit,
438 668 513 713 quia
522 664 566 700 eſt
574 664 722 706 domina,
740 669 793 701 tit.
804 667 831 704 6.
841 669 874 710 §.
891 664 1024 701 diuortio

167 726 231 766 reg.
242 723 310 773 Vlp.
358 722 427 759 Niſi
443 719 531 757 forte
546 723 602 769 qui
621 719 735 756 dotem
750 719 837 756 dedit
847 733 917 756 eam
933 719 1026 757 reddi

167 762 223 800 ſibi
240 765 405 815 ſtipulatus
421 766 478 810 ſit;
503 775 573 812 quæ
599 776 658 807 dos
675 767 853 814 ſpecialiter
879 766 1026 814 repetitia

167 827 301 859 vocatur
316 823 346 858 d.
365 826 418 859 tit.
434 826 462 861 6.
478 816 673 858 aduentitia.
724 822 852 857 Mirum
866 821 920 863 eſt,
937 817 1027 870 quod

165 860 228 900 hoc
244 867 432 913 Pomponio
446 889 517 907 non
525 872 655 923 venerit
655 872 691 923 in
701 878 855 918 mentem.
910 872 961 916 De
961 879 1028 919 ex-

166 929 278 960 traneo
288 936 395 960 autem
404 922 493 972 quod
502 922 595 965 dicit,
610 923 633 959 ſi
642 928 670 960 ei
681 927 811 960 cedatur
820 922 1027 966 vſusfructus,

167 976 247 1012 nihil
261 976 300 1012 ad
320 988 393 1011 eum
410 974 559 1017 tranſire,
573 973 625 1008 ſed
639 976 681 1009 ad
692 975 865 1010 dominum
882 974 1029 1022 proprie-

167 1030 238 1062 tatis
264 1025 467 1064 reuerſurum
493 1024 740 1067 vſumfructum,
766 1026 852 1063 recte
871 1026 902 1061 ſe
919 1029 1028 1069 habet.

166 1076 322 1112 Cedendo
338 1079 425 1112 enim
441 1072 675 1112 vſumfructum
691 1084 855 1115 extraneo,
869 1075 948 1110 nihil
958 1077 1027 1122 agi-

166 1137 236 1172 tur,
252 1129 319 1173 d.§.
320 1129 465 1176 finitur,
479 1136 555 1177 puta,
593 1130 625 1164 in
636 1126 772 1179 perſona
786 1133 928 1166 extranei
944 1132 1027 1169 nihil

166 1181 289 1229 agitur:
322 1182 387 1216 hoc
410 1189 488 1216 vero
515 1180 639 1228 agitur,
670 1186 784 1228 præter
811 1180 1026 1216 intentionem

166 1233 299 1281 agentis,
316 1244 355 1268 ex
365 1235 492 1273 ratione
503 1235 592 1274 iuris,
608 1243 641 1270 vt
654 1229 846 1272 vſusſructus
863 1231 971 1270 redeat
983 1232 1028 1269 ad

167 1289 410 1336 proprietatem.
440 1288 596 1324 Cuiac.in
608 1297 669 1326 not.
692 1287 758 1325 add.
775 1294 787 1331 §.
798 1287 929 1334 finitur.
956 1290 1035 1324 Do-

167 1337 245 1378 nell.
256 1351 293 1374 10.
313 1350 427 1375 comm.
437 1349 480 1382 19.
509 1334 703 1384 Diſſentiunt
727 1339 933 1374 Hotomann.
955 1338 1026 1373 Bal-

168 1383 255 1425 duin.
273 1388 388 1426 ibidem
396 1384 507 1425 Pinell.
514 1382 601 1436 part.
602 1397 635 1431 3.
649 1386 703 1426 l.1.
732 1391 745 1424 C.
761 1386 800 1422 de
813 1385 879 1423 bon.
887 1393 1027 1420 matern.

168 1453 251 1483 num.
254 1460 307 1493 39.
332 1443 520 1484 Weſenbec.
534 1448 569 1480 in
579 1454 653 1495 par.
664 1447 704 1483 D.
718 1443 804 1495 quib.
813 1442 894 1482 mod,
906 1444 1027 1493 vſusfr.

167 1506 231 1534 am.
246 1509 373 1542 num.5.
390 1495 488 1534 Sand.
504 1497 542 1534 de
559 1497 676 1534 action.
693 1496 760 1544 ceſſ.
771 1487 833 1540 c.5.
850 1507 932 1541 n.35.
979 1497 1025 1533 H.

168 1542 300 1581 Grotius
310 1558 331 1580 l.
348 1543 380 1579 d.
387 1545 467 1593 Jur.
479 1541 544 1579 bell.
572 1542 590 1581 &
600 1553 671 1593 pac.
680 1554 713 1586 4.
720 1562 760 1587 n.
772 1564 811 1587 10.
825 1549 880 1591 qui
893 1538 1026 1592 reſpon-

150 1589 249 1631 dent
249 1592 295 1631 ad
308 1595 426 1634 d.l.66.
442 1606 476 1638 in
485 1592 604 1641 ſpecies
620 1604 712 1638 huius
725 1595 748 1637 l.
758 1603 877 1636 reuerti
889 1598 1024 1637 vſumfr.

157 1640 209 1677 ad
217 1641 466 1696 proprietatem:
477 1656 543 1679 non
551 1645 671 1686 ſtatim,
678 1644 731 1680 ſed
741 1646 889 1694 legitimo
898 1654 1029 1691 tempo-

169 1707 223 1744 re;
234 1711 323 1749 puta,
330 1710 464 1738 mortuo
470 1699 667 1737 fructuario:
677 1712 775 1749 quam
783 1698 1028 1748 reſponſionem

169 1743 271 1786 ſolide
286 1747 435 1787 confutat
448 1749 627 1786 Bachouius
643 1751 705 1786 vol.
715 1759 737 1782 1.
755 1748 864 1794 Diſ.
839 1750 878 1800 16.
893 1748 972 1796 theſ.
984 1766 1025 1790 10.

169 1797 220 1837 lit.
228 1804 263 1839 A.
276 1800 307 1840 &
318 1807 356 1844 B.
375 1799 394 1838 &
410 1803 445 1837 in
456 1808 618 1838 comment.
626 1798 673 1835 ad
676 1802 709 1844 §.
710 1797 846 1843 finitur.

230 1894 441 1975 Vlpian.
460 1902 538 1957 lib.
548 1922 620 1974 18.
630 1917 687 1966 ad
700 1896 946 1961 Edictum.

171 1980 211 2029 Si
221 1996 359 2033 autem
376 1986 567 2030 nondum
579 1988 684 2030 mihi
694 1985 893 2030 damnum
904 1984 1028 2029 dede-

223 2042 295 2103 ris,
295 2047 377 2103 ſed
381 2050 434 2107 ita
441 2051 588 2101 ignem
597 2048 761 2094 habeas,
777 2055 818 2087 vt
829 2052 1071 2096 metuam,

968 2121 1035 2159 ne
