1485 2173
546 439 661 495 284

562 533 596 556 et
614 525 675 569 ipſe
689 526 797 560 Poeta,
820 530 871 561 et,
888 521 1049 567 poetarum
1072 519 1275 567 patrocinium

561 578 639 613 mihi
652 577 731 610 ſorte
751 577 899 615 delatum,
924 575 1046 618 ſuſcepi.
1093 575 1152 608 Sed
1164 574 1275 617 pergit,

559 624 694 666 Iupiter,
719 626 873 664 quomodo
886 625 939 657 Tu
951 625 1046 655 Poeta
1058 632 1087 655 et
1094 618 1169 666 ipſe
1181 622 1276 654 factus

561 682 611 709 es,
635 681 666 703 et
678 673 753 713 quid
763 672 839 705 Tibi
852 683 923 705 cum
933 672 1036 703 Poetis
1048 670 1210 703 intercedit
1224 678 1278 700 ne-

563 722 778 756 ceſſitudinis?
830 720 894 763 Ego
920 729 993 751 vero
1018 718 1152 764 repoſuit
1177 717 1277 761 Panſa,

562 779 641 810 puto
655 770 795 800 verſuum
814 776 996 803 numerum,
1036 775 1128 807 quem
1148 766 1208 797 iam
1221 765 1278 795 im-

564 821 653 857 pleui
674 818 853 852 ſcribendo,
887 814 963 848 mihi
981 814 1018 844 ad
1035 814 1148 846 Poetae
1164 804 1278 845 nomen

561 873 701 907 ſufficere
719 870 811 912 poſſe.
854 872 967 915 Igitur,
990 871 1045 902 Tu
1062 869 1165 912 inquit
1186 871 1280 911 deus,

562 925 694 949 numero
707 916 850 949 verſuum
861 923 951 957 putes
963 914 1076 946 Poetae
1095 912 1204 945 merita
1215 923 1280 947 me-

563 968 686 1006 tienda,
715 978 768 1000 aut
778 969 843 1006 Te,
878 977 928 1001 me
941 967 1056 1005 inuito,
1095 967 1222 1000 Poetam
1234 966 1281 998 fa-

563 1022 647 1056 ctum
664 1021 732 1053 eſſe.
778 1021 852 1058 Sed,
875 1032 894 1053 o
906 1020 1008 1057 Deus,
1021 1019 1112 1051 Panſa
1123 1018 1215 1058 dixit,
1228 1018 1280 1051 ad-

561 1069 633 1096 ſunt
647 1067 763 1095 ſcilicet
777 1064 866 1094 huius
882 1060 1036 1094 facultatis
1047 1059 1137 1094 teſtes
1152 1060 1206 1102 ipſi
1212 1052 1280 1092 ver-

563 1117 615 1144 ſus
627 1113 741 1142 noſtri:
770 1111 877 1148 Apage
893 1119 965 1143 cum
975 1109 1055 1139 Tuis
1064 1109 1217 1144 verſibus,
1238 1100 1283 1139 ira

563 1160 737 1203 paullulum
752 1158 900 1190 excitatus
911 1155 1030 1201 Iupiter
1044 1147 1209 1204 reſpondit,
1222 1158 1284 1192 iſtis

563 1215 644 1245 nihil
659 1210 739 1251 apud
751 1218 800 1240 me
813 1207 969 1251 proficies,
993 1208 1028 1239 In
1042 1207 1192 1244 natalibus
1204 1206 1284 1242 Tuis

562 1261 695 1295 rhedarii
708 1259 821 1291 ſortem
835 1259 894 1293 tibi
907 1257 1079 1298 adſignaui,
1113 1257 1196 1289 iſtam
1214 1266 1282 1287 cor-

563 1315 634 1351 pori
646 1319 702 1340 tuo
715 1309 871 1340 moleſtam
884 1317 934 1340 cum
953 1307 1047 1339 velles
1061 1305 1207 1349 effugere,
1215 1316 1283 1337 ver-

562 1365 614 1390 ſus
620 1355 814 1397 compoſuiſti
826 1355 958 1393 multos,
980 1355 1032 1386 ſed
1041 1354 1159 1386 inſanos
1171 1362 1203 1384 et
1214 1353 1284 1385 nul-

563 1411 625 1438 lius
639 1404 746 1445 pretii,
768 1404 865 1444 Igitur
878 1403 937 1436 tibi
948 1411 1011 1435 tam
1028 1401 1205 1443 expeditum
1224 1401 1285 1439 iter

563 1458 603 1492 ad
622 1457 730 1489 Poeſin
750 1455 876 1496 patuiſſe
889 1454 1010 1497 putes?
1023 1462 1072 1489 vt,
1088 1462 1164 1492 quae
1177 1462 1283 1486 natura

564 1511 746 1538 negauerat,
771 1500 908 1535 potueris
922 1495 1111 1537 impudentia
1122 1493 1192 1525 Tua
1210 1505 1284 1528 con-

562 1564 698 1595 ſequi?
710 1548 878 1581 Obmutuit
903 1547 1069 1590 pauliſper,
1096 1545 1203 1586 Panſa,
1232 1548 1283 1581 ſed

564 1604 747 1629 confirmato
760 1598 902 1635 deinceps
915 1596 1015 1626 animo
1030 1592 1069 1626 ſic
1083 1593 1233 1626 allocutus
1242 1594 1285 1625 eſt

563 1654 683 1682 Iouem.
726 1649 831 1685 Quare
845 1646 889 1676 vis
903 1655 961 1681 me,
970 1641 1175 1686 Omnipotens
1187 1650 1285 1682 pater,

566 1702 699 1735 deiicere
706 1698 743 1729 de
750 1698 857 1731 merita
864 1707 897 1730 et
904 1696 971 1730 ſatis
979 1695 1122 1732 diuturna
1134 1695 1287 1738 poſſeſſio-

1240 1751 1282 1777 ne
