1703 2553
565 473 655 505 226

750 477 856 525 SEB.
856 477 1023 525 RAVII
1023 477 1181 525 Exerc.
1181 477 1324 525 philol.

578 563 774 603 coniunctio
809 569 847 600 et
873 567 954 600 ante
984 560 1029 598 de
1061 571 1175 598 manu
1200 556 1381 599 hominis,
1405 564 1473 607 per

580 621 856 672 imprudentiam
882 619 1016 660 addita.
1087 618 1205 668 Nam,
1242 629 1319 655 cum
1346 615 1476 656 Scriba

580 685 734 737 legeret,
760 692 798 721 et
820 684 866 720 de
888 694 1001 721 manu
1018 681 1198 725 hominis,
1227 679 1343 729 facile
1370 679 1480 719 credi-

581 747 675 785 derit
688 744 736 792 id,
762 738 857 792 quod
869 741 1052 792 anteceſſit,
1078 754 1146 779 non
1165 740 1207 780 de
1226 739 1360 779 homine
1373 737 1480 787 fuiſſe

554 808 736 857 dictum,
768 803 836 856 ſed
861 805 901 844 de
934 803 1064 856 beſtiis,
1101 803 1356 855 ſcripſeritque
1393 801 1480 839 adeo

581 880 701 917 חיה
734 867 886 912 beſtiae,
920 878 999 905 cum
1022 873 1139 902 tamen
1164 866 1296 916 legeret
1360 873 1376 905 חי
1427 862 1482 901 vi-

583 934 719 975 uentis.
773 932 846 972 Sed
858 932 955 984 iſtud
974 938 1033 975 et,
1069 942 1118 967 ex
1131 941 1196 980 quo
1221 930 1254 967 is
1277 939 1400 977 error,
1422 927 1486 966 vel

577 991 704 1044 ſimilis
734 989 843 1037 alius,
883 986 1111 1040 naſcebatur,
1148 988 1319 1026 omittunt
1352 982 1482 1024 Sama-

584 1053 717 1102 ritani,
752 1063 861 1103 neque
898 1051 942 1089 id
974 1047 1114 1102 legebat
1139 1046 1263 1099 Syrus.
1321 1040 1485 1098 Quorum

574 1106 807 1160 ſcriptionem
821 1119 899 1145 cum
913 1102 1087 1157 ſequaris,
1115 1101 1286 1154 ſententia
1307 1100 1390 1140 haec
1402 1104 1484 1151 pla-

584 1183 631 1209 na
648 1170 835 1217 exoritur,
860 1166 1048 1217 requiram
1071 1165 1179 1206 illum
1203 1162 1486 1215 (ſanguinem)

587 1223 634 1262 de
661 1234 776 1261 manu
800 1223 922 1260 omnis
945 1219 1120 1261 viuentis.
1172 1217 1330 1268 Deinde,
1359 1223 1402 1255 vt
1423 1228 1486 1253 ex-

581 1283 754 1337 plicetur,
778 1283 868 1337 quid
883 1283 930 1334 ſit
946 1284 1100 1327 viuens,
1125 1281 1290 1321 continuo
1309 1276 1485 1330 ſubditur,

588 1343 635 1381 de
661 1353 776 1380 manu
812 1339 994 1385 hominis,
1042 1338 1090 1377 de
1116 1350 1232 1378 manu
1262 1338 1332 1378 viri
1361 1337 1487 1377 fratris

587 1398 691 1439 eius;
717 1393 782 1435 hoc
792 1394 858 1444 eſt,
883 1393 929 1433 ab
948 1392 1086 1432 homine
1094 1391 1306 1442 ſanguinem
1319 1400 1489 1439 quaeram

590 1452 760 1501 hominis,
785 1450 869 1502 quia
885 1450 985 1489 homo
1008 1450 1158 1491 hominis
1176 1448 1298 1496 frater
1318 1449 1374 1498 eſt.

666 1513 821 1560 Quaerit
866 1519 1236 1554 HVBIGANTIVS,
1290 1509 1380 1562 quid
1420 1509 1487 1549 ſibi

589 1571 701 1616 velit,
728 1569 772 1606 de
793 1581 900 1607 manu
925 1568 1048 1613 beſtiae
1071 1563 1251 1616 requiram
1271 1561 1487 1615 ſanguinem.

589 1628 828 1681 Reſpondeo,
866 1628 993 1665 Deum
1027 1625 1110 1675 Opt.
1141 1625 1242 1665 Max.
1270 1622 1487 1664 hominibus

592 1699 639 1725 ex
673 1696 758 1722 arca
789 1682 956 1732 egreſſis,
994 1681 1033 1720 id
1057 1680 1242 1732 priuilegii
1264 1679 1485 1727 conceſſiſſe,

588 1748 632 1782 vt
645 1740 705 1777 ius
722 1745 761 1775 et
783 1734 1036 1786 ampliſſimam
1058 1736 1278 1783 poteſtatem
1304 1735 1488 1772 haberent

590 1801 631 1839 in
647 1796 772 1836 omnia
792 1792 996 1834 animantia
1015 1804 1051 1830 v.
1067 1802 1102 1831 2.
1123 1803 1256 1842 quare,
1284 1793 1311 1830 ſi
1333 1794 1487 1836 vellent,

594 1857 858 1894 conuerterent
875 1864 920 1889 ea
932 1850 972 1888 in
993 1849 1116 1891 cibum
1129 1863 1163 1890 v.
1174 1862 1209 1898 3.
1224 1851 1287 1888 ſed
1301 1850 1374 1887 hac
1388 1851 1486 1897 lege,

592 1921 642 1948 ne
660 1920 810 1948 carnem
826 1916 912 1944 cum
931 1902 1106 1953 ſanguine
1121 1902 1379 1947 comederent,
1401 1912 1489 1951 quia

591 1968 741 2018 ſanguis
778 1969 823 2008 ſit
857 1963 982 2004 anima
1008 1963 1089 2004 eius
1118 1977 1153 2004 v.
1181 1975 1218 2013 4.
1268 1966 1290 2001 A
1309 1966 1490 2012 ſanguine

594 2023 810 2067 animalium
844 2019 1036 2071 legislator
1069 2010 1303 2071 progreditur
1329 2024 1378 2059 ad
1408 2022 1490 2057 ſan-

1310 2089 1503 2140 guinem
