1589 2352
598 404 677 441 914

858 402 963 443 Libri
975 406 1017 444 in
1033 410 1256 448 OCTAVO.

598 467 680 490 1828
705 462 871 497 Gualtieri,
886 462 995 499 Guido,
1010 463 1158 501 Relationi
1165 466 1238 498 della
1244 470 1360 500 Venuta
1374 471 1408 501 de
1419 471 1458 512 gli
1464 473 1521 500 Am-

637 506 797 546 baſciatori
806 509 967 548 Giaponeſi,
972 510 991 546 à
997 512 1102 548 Roma,
1113 511 1183 551 586.

598 551 681 589 1829
703 552 856 582 L'Huomo
874 552 921 583 del
931 554 1006 595 Papa
1014 554 1023 591 e
1039 551 1090 593 del
1100 552 1146 592 Re.

598 592 682 614 1830
705 590 817 624 Areſtos
828 589 862 606 de
870 592 971 614 Amor,
990 595 1044 620 que
1056 591 1210 614 contienen
1228 586 1381 618 ſententias
1402 590 1438 620 de
1446 589 1520 620 Amor

641 633 697 653 con
707 632 885 656 Commento
896 630 968 657 trad.
979 639 1033 672 por
1043 632 1127 670 Dieg.
1138 635 1286 671 Gracian,
1340 637 1420 669 Madrid
1432 634 1495 678 569.

597 674 677 697 1831
708 674 870 701 Sanchez,
893 672 975 708 Caſp.
992 677 1142 699 Conciones
1160 674 1192 701 in
1209 674 1369 705 Dominicis
1401 680 1424 708 &
1431 671 1518 710 Feriis

638 715 855 757 quadrageſimæ
879 720 945 751 hab.
959 722 1061 754 Venet.
1071 722 1145 757 608.

598 761 678 780 1832
703 760 833 796 Roſſello,
852 759 934 795 Tim.
958 758 1035 792 della
1050 759 1157 795 ſumma
1177 766 1212 791 de
1224 761 1333 793 Secreti
1349 777 1451 797 natur.
1467 749 1516 797 uni-

635 799 736 830 verſali
753 801 784 830 in
803 802 875 840 ogni
890 803 1029 838 materia,
1047 810 1119 845 part.
1133 813 1164 837 2.
1187 808 1291 842 Venet.
1304 808 1372 851 565.

591 845 672 864 1833
695 846 842 877 Aretino,
866 841 959 879 Leon.
979 840 1020 875 La
1039 848 1132 878 prima
1142 844 1252 879 Guerra
1262 844 1306 866 de'
1318 832 1515 883 Carthagineſi,

633 894 691 915 con
700 887 845 925 Romani,
859 888 984 928 Vinegia
1002 894 1073 931 545.

591 927 672 961 1834
695 925 741 951 Gli
752 923 865 956 Aſolani
876 923 905 955 di
914 925 1173 968 PietroBembo,nei
1181 930 1258 972 quali
1265 931 1294 962 ſe
1302 934 1403 973 ragion
1413 936 1514 967 d'Amo-

628 982 682 1008 re,
702 972 806 1006 Venet,
821 979 891 1008 504.

588 1006 667 1040 1835
692 1009 838 1037 Bouchin,
856 1012 970 1044 Steven,
978 1007 1013 1034 de
1028 1009 1193 1040 volmaekte
1209 1011 1401 1052 Magiſtraet,
1417 1009 1512 1047 Dordr.

586 1059 703 1100 659.

585 1093 668 1125 1836
689 1092 863 1120 Plutarchus
878 1091 914 1121 de
931 1095 1091 1123 Puerorum
1107 1095 1284 1127 Educatione
1299 1097 1432 1140 illuſtr.|a
1445 1101 1511 1132 Petr.

627 1142 804 1184 Westhuſio,
821 1146 929 1178 Hamb.
943 1144 1016 1187 665.

582 1177 666 1203 1837
688 1179 837 1204 Freculphi
855 1178 945 1207 Epiſc.
955 1175 1062 1200 Lexov.
1074 1175 1287 1206 Chronicorum
1304 1178 1398 1217 (Hist.
1410 1170 1510 1212 Univ.)

623 1228 703 1262 Libr.
713 1232 748 1262 II.
772 1231 881 1261 Genev.
898 1236 969 1271 597.

580 1261 660 1289 1838
686 1261 720 1278 de
731 1261 827 1288 Vries,
843 1262 870 1280 S.
878 1265 946 1291 grot
962 1261 1113 1297 Miſcell.)
1121 1262 1278 1294 Hiſtoriſch
1286 1263 1428 1300 Magazin,
1447 1253 1508 1293 Am-

620 1310 705 1342 ſterd.
714 1310 792 1350 688.

576 1344 660 1376 1839
683 1346 809 1378 Capelli,
829 1342 883 1374 Iac.
902 1342 1026 1375 Obſerv.
1044 1347 1076 1374 in
1092 1347 1241 1387 Epiſtolam
1259 1351 1302 1378 ad
1306 1350 1448 1388 Hebraos,
1464 1349 1508 1379 Se-

616 1388 686 1412 dani
697 1387 770 1425 624.
817 1388 852 1426 2)
874 1390 899 1426 J.
919 1388 1031 1422 PIacidii
1039 1392 1160 1435 Epiſtola
1177 1395 1211 1423 ad
1220 1396 1253 1425 A.
1264 1396 1400 1428 Rivetum
1418 1397 1453 1432 de
1467 1396 1508 1426 in-

617 1428 738 1451 terdicta
749 1431 977 1464 Chriſtianorum
989 1437 1053 1456 cum
1064 1434 1230 1460 Gentilibus
1239 1433 1454 1466 Communione
1462 1429 1507 1462 de-

617 1475 673 1503 que
683 1473 860 1505 Pontificatu
870 1480 995 1505 magno,
1011 1473 1085 1509 644.
1130 1478 1160 1506 3)
1182 1471 1239 1511 Jac.
1250 1479 1421 1520 Gothofredi
1427 1479 1505 1510 Exer-

615 1514 663 1533 cit.
673 1514 707 1535 II.
726 1514 761 1534 de
777 1517 901 1547 Eccleſia
908 1521 1115 1542 Incarnatione
1125 1519 1229 1552 Chriſti
1237 1519 1272 1545 ad
1290 1523 1318 1550 1.
1331 1519 1454 1550 Timoth.
1461 1511 1505 1547 III.

618 1566 668 1601 15.
692 1562 801 1594 Genev.
812 1563 888 1604 946.

575 1597 659 1642 1840
680 1595 808 1651 Digbæi,
824 1596 966 1641 Kenelmi,
983 1596 1195 1621 Demonſtratio
1205 1600 1426 1626 imnortalitatis
1434 1588 1504 1625 Ani-

614 1649 662 1667 mæ
671 1644 848 1681 rationalis,
864 1646 964 1677 Franc.
981 1641 1055 1686 664.

574 1682 652 1713 1841
679 1682 716 1706 de
732 1685 807 1708 Bello
824 1685 909 1719 viſu.
928 1685 986 1719 Jac.
1007 1685 1141 1715 Practica
1156 1686 1334 1723 criminalis,
1342 1699 1375 1719 ex
1385 1693 1500 1726 recogn.

614 1730 686 1761 Arn.
702 1734 807 1770 Baert,
816 1725 881 1766 Col.
895 1737 967 1773 580.

570 1770 653 1811 1842
675 1770 850 1802 Bosquieri,
867 1769 936 1794 Phil.
954 1769 1090 1805 Vegetius
1100 1769 1289 1808 Chriſtianus.
1298 1771 1319 1804 ſ.
1330 1771 1366 1802 de
1379 1777 1437 1802 tota
1444 1776 1504 1801 Ar-

610 1816 641 1847 te
648 1811 797 1852 Militari,
814 1813 849 1832 ad
859 1816 983 1832 Turcam
999 1816 1073 1854 ſerio
1090 1816 1206 1850 citòque
1221 1810 1432 1847 debellandum,
1444 1809 1502 1842 Co-

609 1858 671 1892 Ion.
692 1862 765 1901 615.

570 1894 648 1917 1843
673 1893 843 1920 Benjamini
851 1893 1022 1917 Tudelenſis
1039 1898 1239 1944 Itinerarium
1254 1900 1288 1922 ex
1294 1888 1429 1927 Hebraic.
1446 1898 1499 1924 per

608 1935 719 1969 Bened,
741 1946 1034 1984 Aria-Montanum,
1060 1944 1155 1976 Antw,
1175 1938 1244 1965 575.
1288 1934 1323 1971 2)
1345 1925 1465 1977 Hippol.
1480 1926 1498 1961 à

608 1975 728 1998 Collibus
744 1980 921 2004 incrementa
932 1983 1069 2010 Urbium,
1087 1985 1200 2009 Hanov.
1208 1977 1282 2012 600.
1308 1979 1342 2022 3)
1355 1982 1393 2014 N.
1408 1988 1494 2015 Reus-

608 2018 674 2030 neri
685 2016 770 2030 Urbes
779 2022 966 2045 Imperiales,
986 2026 1045 2063 acc.
1054 2022 1223 2054 Emporium
1241 2011 1494 2054 Francofordienſe

606 2063 699 2098 Henr.
710 2064 870 2106 Stephani,
886 2066 1023 2110 Franc.
1000 2074 1073 2100 651.

1415 2068 1494 2109 1844
