3082 4290
872 1088 927 1123 ☞

869 1889 928 1940 ☞

850 2949 920 2981 ☞

936 487 1002 519 188

1191 480 1294 520 DE
1349 466 1887 510 VERBORVM
1939 465 2528 511 SIGNIFICAT.

1292 576 1390 603 CHE.
1417 574 1499 600 CHI.

938 615 995 647 ba:
1020 613 1196 659 Diſcindere
1211 612 1337 648 caelum:
1362 611 1504 657 χάσμα,
1526 613 1638 658 inquit,
1669 612 1828 660 difactum,

938 665 974 697 id
987 664 1033 708 eſt,
1039 662 1175 709 ſubitam
1184 670 1263 699 aeris
1280 666 1498 710 diruptionem,
1515 673 1547 699 et
1559 666 1718 712 quemdam
1735 666 1826 711 receſ-

929 713 1018 755 ſum;
1038 721 1096 756 per
1111 713 1193 758 quod
1207 714 1276 748 vult
1296 714 1398 747 videri
1410 717 1443 747 in
1458 725 1589 748 CHASMA
1602 713 1639 758 ſe
1655 714 1731 750 Irim
1747 726 1828 750 rece-

929 763 1010 810 piſſe.
1059 768 1098 799 Et
1112 779 1207 801 mox:
1233 770 1312 802 Sane
1326 771 1508 805 CHASMA
1522 769 1574 815 eſt,
1593 778 1630 803 vt
1642 769 1761 803 Plinius
1775 781 1828 802 vo-

940 822 1000 851 cat,
1014 814 1159 857 diruptio,
1175 822 1204 846 et
1219 815 1346 861 quidam
1357 814 1434 848 caeli
1449 812 1577 860 receſſus.
1624 816 1746 861 Quibus
1755 827 1828 852 ver-

940 862 987 893 bis
1001 861 1084 894 illum
1091 860 1259 894 Plinianum
1266 860 1389 896 locum,
1401 869 1499 903 quem
1508 859 1675 903 attigimus,
1685 858 1828 905 deſignat.

1320 968 1458 999 CHE.

1034 1039 1443 1076 ΧΕΙΡΕΜΒΟΛΟΝ,
1469 1036 1488 1069 I.
1509 1049 1533 1068 1.
1566 1037 1598 1075 §.
1615 1048 1645 1077 3.
1676 1038 1716 1071 D.
1745 1045 1831 1071 naut.

927 1088 1062 1124 caupon.
1072 1082 1179 1128 ſtabul.
1218 1086 1303 1118 Plura
1321 1096 1383 1116 non
1401 1084 1530 1124 addidit,
1554 1086 1605 1117 cui
1618 1085 1670 1119 hic
1684 1085 1827 1119 articulus

939 1132 1081 1171 debetur,
1099 1129 1216 1166 Tabor.
1265 1132 1315 1165 Eſt
1329 1144 1371 1165 ex
1393 1131 1551 1165 vocabulis
1576 1129 1670 1178 ἅπαξ
1693 1126 1828 1178 λεγομέ-

939 1189 1014 1219 νοις,
1037 1179 1124 1219 quod
1148 1189 1248 1212 tamen
1264 1180 1410 1212 ſamiliare
1432 1181 1530 1214 nautis
1550 1180 1654 1220 fuiſſe,
1696 1193 1736 1215 ex
1752 1183 1825 1214 loco

940 1230 1066 1273 Vlpiani
1080 1230 1181 1272 paullo
1196 1240 1265 1262 ante
1278 1228 1431 1272 adſcripto
1447 1240 1541 1273 patet.
1587 1231 1760 1275 Significari
1771 1233 1825 1265 illo

940 1281 1037 1312 actum
1053 1289 1100 1311 res
1114 1283 1191 1313 naui
1201 1280 1365 1318 inferendi,
1382 1291 1452 1313 cum
1465 1281 1609 1313 vocabuli
1626 1281 1736 1325 origo,
1756 1291 1823 1314 tum

940 1328 1002 1373 ipſa
1016 1329 1089 1372 legis
1106 1330 1200 1362 verba
1216 1331 1357 1368 innuunt,
1375 1330 1470 1364 qualis
1485 1342 1564 1363 vero
1579 1331 1684 1370 fuerit,
1700 1332 1824 1375 ignora-

939 1387 973 1408 re
990 1374 1019 1406 ſe
1042 1379 1172 1411 fatetur,
1212 1375 1266 1416 qui
1287 1366 1423 1418 alioquin
1445 1375 1560 1408 horum
1579 1375 1655 1407 nihil
1679 1375 1824 1420 ignorare

939 1430 1031 1468 ſolet,
1063 1430 1156 1461 Corn.
1171 1442 1230 1463 van
1247 1430 1412 1471 Bynkersh.
1462 1430 1581 1474 Obſeru.
1601 1431 1651 1469 II,
1668 1442 1708 1473 14.
1732 1433 1763 1465 Si
1780 1441 1825 1464 ta-

940 1487 1012 1509 men
1028 1477 1165 1509 diuinare
1186 1477 1277 1513 licet,
1300 1471 1506 1523 χϵιϱέμβολον
1538 1477 1671 1510 dixerim
1693 1477 1825 1511 modum

939 1526 1023 1557 illum
1040 1524 1188 1557 onerandi
1202 1524 1457 1568 exonerandique
1471 1535 1574 1563 naues,
1589 1536 1654 1568 quo
1671 1525 1824 1564 homines,

938 1576 1043 1617 aequis
1062 1575 1196 1619 diſpoſiti
1220 1577 1409 1615 ſtationibus,
1433 1589 1482 1611 res
1505 1579 1553 1611 alii
1575 1579 1637 1611 aliis
1661 1579 1692 1611 in
1717 1588 1822 1610 manus

940 1626 1115 1658 immittunt.
1165 1627 1240 1659 Tale
1255 1628 1336 1658 enim
1360 1628 1436 1660 quid
1460 1627 1528 1660 ſieri
1544 1627 1607 1672 ipſe
1623 1627 1708 1666 vidi,
1731 1636 1762 1659 et
1770 1636 1825 1671 pa-

939 1670 1016 1697 titur
1039 1677 1105 1695 eam
1121 1671 1282 1697 notionem
1304 1667 1448 1699 vocabuli
1480 1678 1615 1707 etymon.
1640 1678 1731 1698 HEIN.

1050 1729 1386 1777 CHELYNIAE,
1415 1737 1445 1770 in
1461 1735 1478 1767 l.
1492 1734 1547 1769 ult.
1561 1735 1595 1774 §.
1610 1745 1637 1777 7.
1648 1736 1684 1767 D.
1702 1736 1739 1768 de
1748 1732 1826 1780 pub-

942 1774 1027 1807 lican.
1043 1782 1074 1806 et
1093 1771 1197 1818 vectig.
1225 1775 1303 1817 quid
1316 1774 1474 1818 ſignificet,
1496 1775 1659 1809 obſcurum
1673 1777 1734 1817 eſt,
1770 1776 1825 1811 niſi

941 1826 1119 1863 cheloniam,
1155 1835 1317 1869 gemmam,
1343 1827 1562 1870 intelligamus,
1592 1838 1684 1870 quam
1699 1830 1824 1861 oculum

942 1879 999 1912 eſſe
1008 1879 1130 1911 Indicae
1139 1879 1306 1919 teſtudinis,
1316 1881 1391 1913 Plin.
1404 1881 1466 1915 Lib.
1504 1884 1624 1917 XXXVII.
1635 1883 1705 1922 Cap.
1714 1893 1749 1913 10.
1763 1891 1825 1913 tra-

942 1927 998 1959 dit.
1033 1927 1076 1958 Ita
1089 1926 1155 1960 fere
1172 1938 1203 1960 et
1218 1929 1365 1961 Pancirol.
1392 1929 1463 1962 Var.
1478 1929 1555 1963 Lect.
1580 1928 1642 1962 Lib.
1649 1930 1685 1962 Il.
1696 1930 1767 1972 Cap.
1776 1939 1822 1960 110.

944 1979 1026 2010 Tom.
1044 1976 1084 2009 II.
1106 1977 1233 2019 Iurispr.
1258 1977 1341 2008 Rom.
1357 1984 1387 2008 et
1408 1977 1502 2009 Attic.
1517 1986 1550 2019 p.
1566 1987 1635 2015 1223.
1663 1978 1698 2009 In
1717 1977 1824 2021 vulga-

939 2024 978 2055 tis
994 2022 1104 2065 legitur
1120 2022 1283 2065 cylindrus,
1299 2033 1392 2066 quam
1406 2033 1559 2066 gemmam
1578 2025 1711 2064 viridem
1729 2026 1824 2069 ipſam

938 2079 1067 2111 quoque
1085 2071 1115 2101 in
1129 2070 1212 2106 India
1226 2070 1314 2109 naſci,
1327 2072 1458 2115 eiusque
1467 2072 1612 2106 ſummam
1627 2072 1822 2106 commenda-

938 2124 1056 2155 tionem
1067 2123 1096 2152 in
1103 2121 1297 2164 longitudine
1306 2124 1375 2161 eſſe,
1394 2123 1499 2158 ſcribit
1506 2126 1582 2158 Plin.
1606 2123 1667 2158 Lib.
1674 2126 1821 2161 XXXVlII.

941 2172 1010 2209 Cap.
1020 2179 1046 2209 5.
1060 2175 1090 2198 et
1106 2172 1136 2201 8.
1161 2177 1328 2200 CHELONIA
1349 2178 1448 2200 tamen
1457 2170 1551 2214 magis
1567 2169 1683 2211 placet:
1701 2181 1733 2203 et
1747 2171 1820 2204 ſcri-

937 2225 1046 2259 pturae
1061 2216 1254 2249 Florentinae
1268 2217 1397 2259 propius
1413 2218 1456 2251 eſt
1471 2220 1504 2251 id
1519 2218 1714 2256 vocabulum,
1728 2228 1820 2261 quam

940 2264 1103 2305 cylindrus.
1151 2265 1296 2298 Meminit
1317 2265 1408 2297 huius
1430 2276 1570 2308 gemmae
1590 2276 1624 2298 et
1648 2267 1766 2300 Arrian.
1788 2270 1822 2300 in

939 2314 1049 2358 Peripl.
1062 2327 1136 2347 mar.
1150 2313 1275 2359 Erythr.
1284 2324 1315 2357 p.
1324 2325 1385 2354 144.
1409 2317 1464 2350 vbi
1478 2319 1517 2351 de
1530 2317 1717 2351 Ptolemaide
1730 2318 1819 2356 vrbe,

939 2373 1017 2405 quae
1039 2374 1071 2395 et
1094 2364 1251 2397 Theron:
1272 2363 1361 2407 Έχϵι
1391 2359 1425 2397 δὲ
1456 2363 1494 2400 τὸ
1519 2359 1661 2409 ἐμπόϱιον
1686 2361 1820 2407 χελώνην

938 2407 1108 2453 ἀληϑινὴν,
1131 2411 1183 2443 ϰαϳ
1223 2414 1375 2454 χεϱσαίαν
1412 2409 1529 2455 ὀλίγην,
1561 2413 1614 2444 ϰαί
1646 2408 1752 2452 λευϰὴν
1774 2424 1822 2456 μι-

936 2455 1081 2504 ϰϱοτέϱαν
1112 2462 1177 2497 τοἴς
1214 2459 1359 2505 ὀςϱάϰοις.
1428 2461 1529 2495 Habet
1545 2464 1710 2504 emporium
1743 2463 1821 2496 illud

939 2515 1135 2538 CHELONIAM
1158 2517 1278 2544 veram,
1301 2514 1330 2537 et
1342 2505 1488 2550 cherſeam
1504 2510 1654 2551 exiguam,
1670 2514 1700 2540 et
1721 2508 1821 2541 candi-

938 2560 1018 2593 dam,
1031 2553 1192 2589 minoribus
1199 2553 1277 2599 teſtis
1283 2555 1468 2599 praeditam.
1491 2565 1580 2590 HEIN.

1323 2657 1412 2692 CHI.

1037 2714 1485 2760 CHILIARCHAE
1512 2730 1545 2753 et
1561 2719 1742 2758 centenarii,
1766 2719 1821 2762 qui

937 2769 991 2801 ſibi
1011 2769 1108 2811 plebis
1138 2769 1385 2802 diſtributionem
1403 2768 1549 2812 vſurpare
1570 2770 1723 2803 dicuntur.
1744 2770 1766 2803 I.
1777 2781 1819 2801 20.

939 2826 969 2855 C.
995 2821 1102 2853 Theod.
1117 2820 1152 2851 de
1161 2830 1275 2864 pagan.
1302 2828 1330 2851 et
1344 2820 1450 2866 ſacrif.
1478 2824 1559 2856 Alias
1591 2826 1817 2859 CHILIAR-

938 2868 1092 2903 CHAE,
1110 2866 1148 2896 ait
1165 2854 1268 2897 Ifidor.
1285 2866 1409 2907 Etymol.
1436 2866 1499 2902 Lib.
1519 2868 1569 2899 IX.
1590 2868 1661 2908 Cap.
1679 2876 1707 2905 3.
1729 2865 1817 2908 ſunt,

938 2913 992 2958 qui
1005 2912 1083 2943 mille
1089 2912 1236 2955 praeſunt
1250 2912 1404 2950 militibus,
1419 2924 1492 2958 quos
1507 2926 1558 2945 nos
1571 2915 1759 2948 Millenarios
1766 2915 1818 2946 ad-

932 2960 1086 3004 pellamus.
1156 2952 1247 2997 Nos,
1291 2961 1391 3003 inquit
1414 2962 1562 2999 lſidorus,
1588 2963 1619 2994 id
1636 2963 1695 3001 eſt,
1710 2964 1818 2997 Gothi.

939 3018 1021 3049 Hinc
1037 3016 1085 3048 lex
1103 3015 1283 3059 Wiſigothica
1303 3015 1365 3048 Lib.
1385 3018 1424 3049 Il.
1443 3022 1489 3050 tit.
1505 3018 1527 3049 I.
1545 3018 1578 3056 §.
1592 3021 1632 3049 26.
1658 3018 1726 3051 Ideo
1733 3020 1819 3056 Dux,

938 3058 1046 3090 Comes,
1061 3066 1203 3098 vicarius,
1214 3048 1299 3095 pacis
1316 3055 1469 3096 adſertor,
1488 3056 1667 3097 tyuphadus,
1684 3058 1818 3088 millena-

938 3117 1013 3143 rius,
1029 3108 1304 3150 quingentenarius,
1323 3112 1520 3146 centenarius,
1537 3108 1682 3147 decanus,
1718 3110 1815 3154 defen-

936 3155 1000 3194 ſor,
1014 3155 1214 3191 numerarius,
1243 3176 1312 3190 --
1324 3156 1432 3187 iudicis
1451 3167 1565 3187 nomine
1578 3155 1752 3200 cenſeantur
1779 3168 1818 3188 ex

938 3210 1006 3241 lege.
1056 3211 1094 3240 Et
1110 3209 1163 3241 ſub
1179 3210 1302 3252 regibus
1327 3209 1591 3252 Oſtrogothorum
1612 3214 1820 3246 MILLENA-

938 3240 992 3281 RII
1004 3249 1178 3290 prouinciae
1193 3251 1295 3278 Piceni
1311 3257 1340 3279 et
1354 3250 1472 3291 Samnii
1493 3251 1631 3281 meminit
1646 3252 1818 3288 Caſſiodor,

939 3304 1000 3337 Lib.
1017 3307 1050 3337 V.
1066 3306 1187 3337 Variar.
1201 3306 1270 3343 Cap.
1287 3306 1330 3335 26.
1356 3313 1447 3335 HEIN.

1044 3354 1263 3391 CHILO,
1291 3360 1352 3390 vid.
1375 3359 1451 3391 infra
1482 3362 1607 3391 CILO.

1041 3401 1517 3445 CHIROGRAPHARII
1544 3414 1732 3451 creditores,
1761 3412 1817 3455 qui

937 3459 999 3490 ſolo
1015 3457 1220 3499 chirographo
1235 3459 1382 3490 debitoris
1399 3460 1546 3491 nituntur.
1573 3458 1591 3490 I.
1601 3465 1649 3498 38.
1666 3460 1699 3498 §.
1716 3462 1769 3493 vlt.
1778 3463 1816 3494 D.

936 3509 972 3539 de
988 3505 1044 3537 reb.
1058 3506 1134 3538 auct.
1155 3507 1212 3538 iud.
1231 3499 1293 3551 poſſ.
1307 3506 1315 3536 l
1335 3508 1394 3546 4.l.
1407 3511 1429 3539 6
1446 3511 1475 3540 C.
1492 3509 1549 3540 eod.
1563 3504 1612 3540 tit.
1629 3507 1648 3542 l.
1664 3519 1699 3542 10.
1717 3510 1747 3540 C.
1763 3509 1819 3554 qui

931 3559 995 3593 pot.
1009 3554 1041 3582 in
1055 3561 1139 3594 pign.
1171 3556 1259 3587 Paull.
1296 3556 1428 3587 Sentent.
1461 3554 1523 3589 Lib.
1548 3557 1583 3588 V.
1607 3560 1658 3588 tit.
1672 3556 1713 3587 26
1734 3554 1767 3593 §.
1783 3564 1815 3593 4.

936 3588 1346 3634 CHIROGRAPHARIVS
1378 3609 1478 3630 autem
1504 3599 1640 3631 creditor
1661 3602 1698 3634 ad
1724 3601 1814 3634 diſſe-

935 3649 1064 3682 entiam
1078 3647 1286 3690 hypothecarii,
1303 3649 1340 3679 de
1363 3660 1428 3691 quo
1443 3652 1472 3681 in
1490 3650 1508 3681 I.
1528 3661 1545 3680 1.
1568 3651 1599 3687 §.
1617 3663 1642 3692 5.
1665 3652 1703 3684 D.
1722 3654 1753 3685 de
1765 3650 1813 3695 ſe-

927 3703 1033 3739 parat.
1076 3698 1123 3728 Sic
1149 3709 1179 3731 et
1202 3701 1606 3734 CHIROGRAPHARIVS
1629 3700 1762 3738 debitor,
1783 3699 1815 3730 in

934 3749 951 3779 l
968 3760 992 3787 7.
1009 3749 1039 3779 C.
1052 3746 1087 3777 de
1101 3755 1192 3778 nouat.
1221 3747 1283 3779 ſolo
1303 3745 1508 3788 chirogtapho
1540 3746 1699 3790 obligatus.
1774 3751 1815 3784 Et

935 3795 1318 3830 CHIROGRAPHARIA
1344 3794 1486 3836 pecunia:
1511 3793 1593 3827 rubr.
1611 3798 1641 3828 C.
1661 3799 1752 3829 etiam
1779 3794 1814 3827 ob

933 3840 1114 3888 chirograph.
1119 3841 1181 3893 pec.
1195 3837 1282 3892 pign.
1277 3847 1705 3885 CHIROGRAPHARIVM
1726 3850 1812 3883 debi-

2290 581 2376 607 CHI.

1877 624 1964 648 tum.
1981 613 2001 649 I.
2013 626 2035 649 1.
2054 616 2088 648 C.
2103 616 2165 651 eod.
2181 619 2232 650 tit.
2258 617 2655 656 CHIROGRAPHARIA
2670 618 2777 654 inſtru-

1878 675 1994 699 menta.
2026 664 2046 698 l.
2058 665 2115 699 vlt.
2129 668 2166 700 C.
2178 664 2211 711 ſi
2224 673 2300 699 cert.
2306 673 2373 710 pet.

1992 735 2470 785 CHIROGRAPHVM,
2485 743 2638 786 priuatam
2651 740 2777 786 ſcriptu-

1880 792 1956 821 ram,
1983 781 2037 815 ſeu
2051 783 2247 821 cautionem,
2285 792 2378 819 manu
2398 785 2552 828 cuiusque
2579 783 2779 829 ſubſcriptam

1881 833 2148 878 ſubnotatamque,
2161 833 2327 879 ſignificat,
2337 844 2379 874 et,
2388 846 2425 871 vt
2436 835 2611 878 Heſychius
2625 835 2777 880 iuterpre-

1880 892 1976 921 tatur,
1996 880 2192 928 συμβόλαϳον
2219 884 2456 929 γϱαμματϵῖον,
2478 883 2675 929 ſcripturam
2679 886 2778 930 ſuper

1876 929 2055 964 contractu:
2082 931 2170 966 cuius
2187 929 2319 966 formula
2331 925 2523 974 proponitur
2537 933 2570 964 in
2594 930 2615 964 I.
2630 942 2672 974 41.
2687 933 2711 975 §.
2721 931 2777 964 vlt.

1882 986 1922 1018 D.
1937 985 1973 1016 de
1989 981 2073 1026 uſur.
2089 981 2107 1015 l.
2115 994 2163 1024 47.
2174 989 2214 1016 §.
2225 983 2327 1019 vlt.
2303 979 2333 1026 D.
2343 985 2380 1017 de
2394 983 2479 1029 pact.
2508 977 2553 1020 Io.
2560 977 2774 1028 Chryſoſtom.

1881 1038 1915 1067 in
1927 1033 2015 1078 Epiſt.
2028 1035 2070 1067 ad
2085 1024 2268 1079 Philippenſ.
2289 1036 2402 1070 Homil.
2422 1034 2472 1071 VI.
2495 1031 2714 1082 χϵιϱόγϱαφόν
2729 1033 2776 1070 ἐϛι

1882 1080 1959 1116 ὅταν
1980 1093 2027 1119 τις
2057 1077 2253 1125 ὀφλημάτων
2274 1079 2451 1121 ὑπέυϑυνος
2465 1080 2659 1127 ϰατέχεταϳ,
2687 1087 2778 1120 CHI-

1876 1137 2165 1172 ROGRAPHVM
2199 1131 2255 1177 eſt,
2275 1143 2336 1178 quo
2348 1135 2417 1179 quis
2436 1135 2479 1167 ad
2497 1133 2632 1168 debitum
2651 1133 2778 1183 aliquod

1880 1178 2042 1225 obligatur.
2090 1183 2166 1216 Hoc
2190 1191 2224 1214 et
2242 1176 2396 1228 ἰδιόχϵιϱον
2406 1182 2586 1225 adpellatur,
2608 1183 2640 1215 in
2655 1182 2674 1216 I.
2688 1196 2721 1217 11.
2742 1185 2775 1217 C.

1878 1231 1934 1275 qui
1940 1236 2006 1272 pot.
2024 1231 2057 1261 in
2066 1231 2154 1275 pign.
2202 1232 2263 1268 Sed
2272 1241 2305 1264 et
2317 1232 2509 1267 Artemidor.
2522 1232 2587 1267 Lib.
2603 1234 2626 1266 I.
2643 1234 2673 1267 de
2679 1234 2779 1267 Somn.

1880 1281 1951 1323 Cap.
1960 1288 2010 1318 44.
2032 1278 2251 1326 χαιϱόγϱαφα
2257 1276 2302 1331 ait
2310 1278 2431 1328 χϵῖϱας,
2453 1292 2561 1315 manus
2573 1282 2643 1317 dici.
2691 1286 2776 1317 Inter

1879 1334 2197 1368 CHIROGRAPHA
2213 1341 2325 1371 autem,
2341 1340 2373 1364 et
2377 1327 2580 1375 ſyngraphas,
2603 1325 2669 1380 quid
2682 1325 2775 1376 inter-

1875 1380 1971 1419 eſſet,
2007 1380 2143 1423 explicat
2166 1381 2279 1414 Aſcon.
2316 1385 2350 1415 in
2371 1384 2459 1418 Verr.
2487 1385 2541 1417 III.
2681 1378 2726 1428 ¶.
2749 1394 2774 1413 2.

1879 1433 2239 1468 CHIROGRAPHVM
2259 1442 2320 1475 pro
2340 1429 2510 1474 ſcriptura,
2530 1432 2661 1475 propria
2679 1432 2773 1475 pueri

1878 1492 1970 1513 manu
1981 1481 2074 1520 facta,
2100 1481 2182 1516 dixit
2195 1492 2227 1515 et
2241 1483 2357 1516 Seneca
2384 1483 2473 1529 Epiſt.
2488 1486 2566 1519 XIV.
2684 1482 2771 1528 ¶.3.

1878 1532 1966 1564 Hinc
1977 1528 2204 1573 loquutiones:
2235 1533 2595 1568 CHIROGRAPHVM
2623 1539 2772 1574 acceptae

1878 1585 2004 1609 mutuae
2019 1576 2187 1621 pecuniae:
2214 1575 2234 1611 l.
2250 1588 2292 1620 14.
2310 1578 2340 1610 C.
2362 1579 2400 1612 de
2411 1572 2504 1623 ſolut.
2529 1582 2773 1616 CHIROGRA-

1878 1634 2014 1668 PHVM
2032 1630 2232 1673 ambiguum:
2268 1629 2289 1662 l.
2310 1641 2340 1672 9.
2362 1633 2394 1664 C.
2417 1632 2455 1664 de
2471 1631 2595 1678 litigioſ.
2618 1635 2772 1669 CHIRO-

1879 1679 2104 1712 GRAPHVM
2126 1685 2254 1719 magnae
2276 1676 2453 1719 pecuniæ:
2479 1676 2499 1709 I.
2524 1680 2550 1710 6.
2571 1679 2615 1711 D.
2641 1679 2680 1712 de
2704 1676 2769 1711 bon.

1878 1726 2016 1759 damnat.
2034 1729 2394 1765 CHIROGRAPHVM
2410 1729 2499 1767 Titii,
2512 1737 2582 1761 ante
2591 1728 2706 1761 multos
2716 1738 2768 1761 an-

1877 1784 1935 1805 nos
1952 1771 2175 1817 conſcriptum,
2188 1783 2247 1816 per
2261 1773 2350 1816 quod
2362 1774 2520 1818 adparuit,
2535 1773 2668 1809 fundum
2683 1776 2769 1809 alteri

1878 1824 2049 1867 obligatum
2065 1825 2140 1858 eſſe:
2167 1825 2184 1857 l.
2194 1836 2241 1865 30.
2257 1825 2289 1863 §.
2307 1825 2365 1858 vlt.
2379 1827 2420 1860 D.
2434 1827 2471 1858 de
2483 1833 2599 1869 except.
2615 1830 2663 1859 rei
2677 1826 2769 1860 iudic.

1879 1877 2237 1911 CHIROGRAPHVM
2264 1886 2355 1908 manu
2380 1874 2431 1908 ſua
2455 1875 2664 1920 perſcribere:
2688 1876 2709 1910 I.
2724 1878 2767 1909 26.

1876 1926 1910 1965 §.
1926 1935 1944 1956 l.
1960 1924 2000 1956 D.
2010 1926 2130 1969 pignor.
2148 1927 2269 1959 Seneca
2282 1927 2321 1958 de
2340 1926 2441 1972 Benef.
2471 1927 2537 1962 Lib.
2560 1928 2599 1962 II.
2630 1928 2701 1970 Cap.
2726 1936 2767 1965 23.

1876 1970 2013 2014 Quidam
2034 1970 2142 2005 nolunt
2160 1974 2284 2004 nomina
2293 1970 2400 2016 ſecum
2412 1971 2506 2015 fieri,
2542 1984 2595 2005 nec
2614 1974 2769 2018 interponi

1869 2022 2025 2062 pararios,
2040 2030 2093 2050 nec
2097 2018 2268 2064 ſignatores
2280 2021 2444 2062 aduocari,
2458 2033 2510 2055 nec
2524 2025 2767 2059 CHIROGRA-

1875 2076 2007 2109 PHVM
2029 2072 2111 2105 dare.
2161 2073 2278 2106 Gellius
2303 2073 2365 2107 Lib.
2386 2076 2463 2109 XIV.
2505 2074 2582 2115 Cap.
2594 2082 2620 2105 2.
2636 2071 2766 2115 probari

1868 2113 2031 2154 pecuniam
2052 2111 2158 2143 datam
2187 2111 2331 2155 conſuetis
2352 2113 2462 2152 modis,
2483 2113 2581 2147 veluti
2619 2107 2768 2150 CHIRO-

1875 2172 2039 2204 GRAPHI
2062 2167 2259 2209 exhibitione,
2289 2168 2403 2205 ſcribit.
2448 2174 2765 2207 CHIROGRAPHO

1874 2204 2008 2258 proprio
2022 2215 2184 2247 adnotare:
2209 2214 2229 2246 l.
2237 2226 2284 2255 30.
2307 2216 2347 2249 D.
2366 2218 2423 2261 qui
2434 2214 2496 2259 teſt.
2502 2215 2564 2260 fac.
2576 2214 2649 2261 poſſ.
2693 2221 2765 2253 Do-

1874 2267 1996 2300 meſtica
2011 2266 2171 2305 cautione,
2186 2278 2218 2300 et
2240 2270 2557 2304 CHIROGRAPHO
2579 2266 2717 2312 obligare
2734 2268 2765 2300 ſe

1873 2316 1913 2347 ad
1928 2315 2157 2358 praeſtandum:
2183 2314 2238 2355 l.3.
2251 2325 2305 2358 pr.
2315 2317 2352 2348 D.
2362 2316 2399 2350 de
2415 2319 2474 2350 iur.
2481 2314 2546 2360 fiſc.
2571 2317 2639 2350 Sic:
2654 2316 2764 2361 profe-

1873 2371 1970 2396 ratur
1980 2356 2350 2402 CHIROGRAPHVM,
2372 2372 2437 2407 quo
2453 2362 2484 2396 ſe
2500 2364 2627 2397 cauiſſet
2642 2364 2764 2398 reſtitu-

1872 2396 1988 2440 turum.
2014 2407 2042 2438 d.
2051 2406 2071 2438 l.
2084 2418 2112 2447 3.
2127 2408 2160 2446 §.
2186 2420 2205 2441 1.
2220 2409 2257 2440 D.
2280 2410 2318 2441 de
2334 2410 2399 2442 iur.
2399 2408 2466 2453 fiſc.
2491 2411 2536 2442 Ita
2551 2419 2601 2443 et:
2626 2412 2661 2445 In
2677 2412 2764 2446 CHI-

1872 2463 2156 2497 ROGRAPHVM
2179 2461 2279 2505 redigi
2303 2455 2413 2505 dicitur
2433 2462 2593 2505 quantitas:
2616 2461 2634 2494 l.
2644 2452 2680 2506 5.
2694 2465 2714 2496 C.
2733 2463 2765 2496 de

1876 2519 1936 2542 non
1951 2521 2034 2541 num.
2047 2520 2114 2553 pec.
2154 2515 2514 2550 CHIROGRAPHVM
2534 2516 2625 2547 inane
2650 2514 2762 2548 factum

1875 2567 1934 2599 per
1955 2556 2163 2591 ſolutionem:
2186 2557 2208 2589 I.
2229 2563 2270 2593 18.
2289 2558 2329 2592 D.
2352 2560 2393 2592 ad
2410 2558 2508 2593 exhib.
2539 2560 2698 2594 inductum
2730 2567 2762 2591 et

1877 2607 2098 2639 conceliatum:
2120 2607 2138 2640 I.
2154 2620 2197 2640 22.
2214 2609 2243 2640 C.
2263 2609 2300 2640 de
2313 2608 2408 2652 ſolut.
2433 2610 2569 2643 debitori
2583 2608 2761 2644 redditum:

1876 2657 1897 2689 l.
1913 2667 1955 2689 22.
1970 2659 2002 2690 C.
2019 2659 2083 2691 eod.
2116 2662 2433 2696 CHIROGRAPHA
2455 2660 2651 2694 debitorum:
2676 2658 2698 2691 I.
2716 2669 2765 2702 57.

1873 2705 1917 2738 D.
1931 2706 1968 2737 de
1982 2703 2145 2748 adminiſtr.
2159 2714 2189 2738 et
2195 2707 2290 2748 peric.
2305 2713 2363 2737 tut.
2388 2706 2405 2738 I.
2424 2718 2456 2738 11.
2478 2707 2510 2745 §.
2524 2709 2553 2739 1.
2569 2707 2609 2739 D.
2625 2707 2662 2739 de
2676 2707 2762 2750 ſeru.

1872 2759 2008 2793 corrupt.
2022 2750 2045 2784 l.
2058 2757 2098 2787 18.
2107 2752 2143 2791 §.
2155 2766 2180 2785 2.
2192 2754 2234 2786 D.
2248 2753 2286 2785 de
2307 2761 2395 2786 mort.
2408 2751 2494 2796 eauſſ.
2507 2754 2610 2786 donat.
2635 2755 2760 2789 heredi-

1872 2799 1927 2832 bus
1942 2799 2117 2833 teſtamenta
2131 2812 2229 2844 paene
2244 2792 2565 2838 CHIROGRAPHA
2578 2801 2663 2836 ſunt:
2689 2803 2710 2834 l.
2718 2814 2760 2842 41.

1872 2855 1910 2886 D.
1924 2853 1966 2884 ad
1980 2853 2047 2896 Leg.
2063 2852 2176 2897 Aquill.
2200 2856 2524 2891 CHIROGRAPHA
2546 2856 2638 2889 etiam
2661 2857 2760 2890 tribu-

1872 2909 1976 2932 torum
1986 2909 2071 2932 retro
2080 2898 2259 2940 ſolutorum,
2275 2901 2356 2933 dixit
2369 2902 2525 2940 Scaeuola,
2539 2903 2569 2933 in
2584 2901 2602 2934 l.
2612 2914 2656 2946 52.
2670 2905 2708 2937 D.
2722 2905 2758 2936 de

1872 2950 1930 2983 act.
1946 2960 2012 2983 emt.
2022 2953 2106 2984 vend.
2277 2948 2322 2997 ¶.
2334 2963 2366 2991 4.
2392 2956 2423 2987 Si
2441 2957 2758 2991 CHIROGRAPHA

1873 2995 2025 3038 legentur,
2040 2997 2090 3028 vel
2106 3005 2256 3029 veneant:
2277 3008 2340 3029 non
2358 2996 2438 3040 ipſe
2460 2998 2594 3036 tabulae,
2609 2998 2672 3031 ſiue
2688 3011 2758 3032 cor-

1872 3053 1946 3085 pus,
1973 3042 2026 3076 ſed
2047 3045 2187 3078 debitum
2213 3054 2245 3076 et
2266 3056 2380 3077 nomen
2404 3047 2594 3082 actionesue,
2626 3056 2757 3087 quarum

1872 3095 2018 3138 probatio
2033 3097 2143 3131 tabulis
2158 3098 2354 3134 continetur,
2377 3097 2470 3141 legari
2492 3098 2712 3141 intelliguntur.
2738 3099 2756 3131 I.

1872 3146 1963 3186 44.§.
1975 3159 2003 3188 5.
2017 3149 2055 3180 D.
2073 3150 2109 3180 de
2124 3149 2209 3194 legat.
2221 3149 2241 3180 I.
2264 3148 2282 3181 l.
2293 3161 2337 3192 59.
2345 3150 2385 3182 D.
2401 3151 2439 3182 de
2451 3148 2538 3195 legat.
2548 3150 2601 3183 III.
2673 3147 2719 3196 ¶.
2735 3163 2755 3184 5.

1872 3182 2188 3227 CHIROGRAPHA
2202 3203 2301 3235 porro
2319 3193 2349 3224 in
2358 3192 2466 3224 tabulis
2488 3202 2520 3225 et
2541 3193 2574 3224 in
2595 3194 2757 3228 codicibus

1871 3245 1938 3276 fieri
1956 3244 2099 3277 ſolebant.
2146 3247 2196 3278 Sic
2210 3246 2240 3277 in
2260 3244 2281 3277 l.
2296 3257 2338 3287 27.
2355 3246 2394 3277 D.
2409 3247 2446 3278 de
2449 3244 2534 3290 furt.
2560 3248 2591 3279 Si
2604 3248 2755 3283 CHIRO-

1871 3291 2051 3323 GRAPHA
2064 3298 2230 3322 aureorum
2244 3289 2363 3329 decem,
2381 3289 2500 3324 tabulae
2522 3300 2617 3323 erant.
2666 3296 2754 3326 Iuue-

1870 3338 1926 3369 nal.
1950 3338 2014 3370 Sat.
2029 3337 2123 3372 vlt.

1966 3390 2052 3421 Vana
2058 3388 2247 3432 ſuperuacui
2260 3392 2368 3428 dicens
2368 3392 2753 3430 CHIROGRAPHA

2330 3441 2414 3487 ligni.

1872 3482 2021 3525 Vlpianus
2037 3482 2069 3513 in
2082 3480 2103 3513 l.
2112 3493 2139 3525 5.
2156 3483 2180 3523 §.
2197 3481 2229 3519 §.
2243 3486 2271 3517 8.
2287 3491 2315 3514 v.
2336 3483 2466 3528 denique
2485 3484 2523 3515 D.
2538 3485 2675 3518 commod.
2720 3485 2752 3518 Si

1870 3528 1927 3561 tibi
1939 3530 2066 3562 codicem
2080 3529 2339 3568 commendauero,
2360 3538 2391 3564 et
2413 3535 2446 3563 in
2459 3544 2490 3565 eo
2514 3535 2752 3569 CHIROGRA-

1868 3583 2000 3614 PHVM
2014 3578 2175 3613 debitorem
2190 3587 2277 3610 tuum
2297 3590 2404 3612 cauere
2418 3579 2538 3625 feceris.
2612 3584 2750 3626 Qnincti-

1868 3633 1936 3664 lian.
1960 3631 2025 3666 Lib.
2049 3635 2099 3668 VI.
2122 3634 2193 3676 Cap.
2206 3642 2237 3670 3.
2262 3632 2295 3664 In
2318 3634 2427 3667 tabulis
2446 3635 2489 3668 eſt
2512 3636 2749 3673 CHIROGRA-

1869 3685 1990 3711 PHVS.

2266 3757 2362 3787 CHL.

1977 3797 2256 3847 CHLAMYS,
2289 3806 2370 3839 inter
2408 3805 2537 3846 puerilia
2572 3808 2749 3836 veſtimenta

1868 3865 2054 3889 numeratur.
2077 3854 2095 3888 I.
2119 3857 2208 3897 23.§.
2223 3868 2245 3889 1.
2268 3858 2306 3890 D.
2327 3858 2365 3891 de
2379 3869 2446 3890 aur.
2465 3866 2533 3900 arg.
2549 3854 2603 3900 leg.
2650 3860 2690 3892 Et
2712 3859 2751 3891 ita

2609 3912 2749 3951 Aſcanio,
