1659 2356
666 515 720 545 co
730 503 969 561 adjudicet?
986 511 1027 550 Si
1036 523 1137 552 vero
1145 511 1193 554 ſit
1202 514 1298 557 ovis
1307 513 1477 558 Chriſti,

665 563 696 605 ſi
714 563 761 607 ſit
779 559 866 616 ejus
884 566 1075 621 corporis
1102 565 1365 617 membrum,
1381 572 1409 614 ſi
1428 570 1475 616 ſit

664 618 755 677 ejus
773 620 918 676 gloriæ
936 629 1146 684 particeps
1171 626 1363 674 futurus,
1382 631 1476 688 quis

663 681 716 723 ab
731 678 818 734 ejus
836 681 1032 727 ſocietate
1071 687 1166 740 quis
1184 683 1235 729 ab
1250 686 1339 741 ejus
1356 700 1474 733 com-

661 737 864 783 munione
880 740 956 785 ſeſe
972 738 1206 788 ſubtrahat?
1227 749 1305 787 Næ
1324 747 1476 789 intem-

662 799 853 848 perantis
890 795 1102 854 cujuſdam
1138 801 1294 856 rigoris
1320 805 1378 848 eſt
1403 807 1474 860 (ne

659 849 762 909 quid
772 853 952 911 amplius
959 853 1170 913 dicamus)
1181 871 1277 902 eum
1294 872 1373 916 pro
1392 860 1473 905 fra-

660 921 725 952 tre
737 909 889 957 habere
898 910 1020 957 nolle,
1033 927 1160 970 quem
1179 917 1295 961 Deus
1305 919 1385 976 ipſe
1394 928 1471 976 pro

659 965 747 1014 filio
764 965 909 1013 habet,
933 968 984 1013 ab
1006 968 1094 1026 ejus
1110 972 1148 1017 ſe
1165 975 1474 1020 communione

657 1023 877 1070 divellere,
917 1036 1108 1080 quocum
1154 1031 1347 1078 Chriſtus
1392 1030 1474 1091 ipſe

657 1080 1009 1124 communionem
1047 1078 1158 1136 colit,
1188 1089 1261 1137 eum
1281 1099 1306 1134 a
1335 1086 1472 1132 Sacris

655 1136 808 1181 noſtris
825 1138 1063 1194 removere,
1078 1137 1144 1202 qui
1161 1153 1258 1186 cum
1277 1143 1364 1202 ipſo
1385 1147 1471 1189 An-

653 1189 850 1247 gelorum
865 1195 1178 1253 Beatorumque
1201 1197 1359 1248 choro,
1376 1202 1470 1244 imo

653 1253 696 1294 &
706 1251 918 1298 nobiſcum
930 1255 1037 1311 ipſis,
1049 1257 1123 1299 niſi
1144 1259 1285 1303 noſtra
1295 1273 1375 1304 nos
1382 1259 1472 1312 ſpes

650 1305 778 1355 fallat,
800 1303 1005 1370 noſtræque
1022 1311 1258 1359 obſtiterint
1267 1314 1470 1363 diſſenſio-

651 1373 740 1409 nes,
754 1367 956 1410 æternain
973 1368 1102 1413 Cælis
1116 1371 1239 1414 Sacra
1250 1367 1440 1426 agitabit.

712 1427 891 1471 Verum,
911 1433 958 1468 ut
972 1427 1014 1470 in
1033 1426 1176 1474 cauſſæ
1195 1440 1337 1474 arcem
1349 1432 1465 1476 inva-

652 1471 815 1522 damus,
829 1477 870 1519 &
879 1477 931 1521 ad
944 1491 991 1521 ea
1001 1478 1251 1526 accedamus
1267 1483 1415 1540 capita,
1431 1477 1469 1536 de

650 1538 801 1593 quibus
829 1542 1100 1601 diſceptatur,
1124 1544 1276 1601 triplex
1297 1556 1467 1593 tantum

650 1598 721 1648 eſt,
764 1590 995 1657 AVDITORES,
1021 1598 1190 1658 alicujus
1211 1603 1351 1652 ſaltem
1369 1617 1466 1647 mo-

663 1649 796 1704 menti,
811 1653 914 1696 inter
930 1666 1012 1698 nos
1029 1654 1353 1705 Controverſia;
1375 1660 1464 1702 Cæ-

646 1711 747 1746 teræ
765 1708 893 1755 enim,
903 1710 968 1752 vel
987 1710 1038 1753 ab
1056 1711 1124 1754 his
1140 1713 1334 1770 pendent,
1354 1711 1396 1756 &
1411 1709 1466 1758 ad

641 1772 717 1809 eas
725 1763 977 1817 referuntur,
988 1770 1056 1813 vel
1065 1770 1172 1816 adeo
1185 1773 1298 1819 leves
1312 1773 1404 1818 ſunt
1418 1780 1464 1818 ut

641 1843 696 1873 ne
732 1833 965 1877 memorari
997 1834 1171 1893 quidem
1207 1845 1462 1883 mereantur.

641 1888 790 1934 Prima,
811 1884 863 1930 de
881 1888 1013 1932 modo
1029 1903 1117 1947 quo
1133 1889 1287 1937 Chriſti
1305 1900 1462 1950 corpus

641 1942 683 1982 in
701 1938 999 1990 Euchariſticis
1022 1947 1161 1990 Sacris
1178 1945 1356 2000 præſens
1380 1949 1461 1997 eſt;

641 1997 801 2046 Altera,
826 1997 878 2042 de
896 1999 1094 2045 humanæ
1122 2002 1277 2049 Chriſti
1298 2013 1459 2050 naturæ

641 2051 886 2101 ſublimitate
915 2058 958 2101 &
978 2054 1178 2105 dotibus;
1197 2061 1330 2106 Tertia
1347 2060 1460 2108 deni-

641 2123 741 2173 que,
761 2112 814 2158 de
830 2118 1000 2167 excelſis
1022 2119 1104 2165 illis
1123 2122 1238 2166 circa
1256 2130 1461 2168 æternam

471 1457 561 1503 Tres
561 1465 641 1503 præ-

471 1503 587 1541 cipuæ,
587 1503 641 1542 in-

471 1551 518 1576 ter
532 1547 640 1579 Refor-

468 1606 564 1627 matos
586 1602 615 1629 &

465 1635 589 1674 Auguſt.

466 1667 599 1697 Confeſſ.

466 1711 592 1750 Fratres,

462 1770 641 1807 Contro-

464 1803 571 1838 verſiæ.
