2491 2719
847 358 971 435 140

1295 366 1746 435 TABVLAE

855 481 949 543 ſua,
965 481 1162 546 nitatur,
1189 482 1293 545 hic,
1316 484 1454 538 omni
1477 485 1617 555 culpa
1641 501 1900 559 poenaque
1933 494 2029 546 iam
2066 496 2138 550 ſo-

853 546 1007 609 Iutus,
1039 547 1100 600 ab
1132 548 1329 603 interitu
1380 550 1679 617 uindicetur,
1715 556 1816 609 uita
1855 558 2138 626 ſempiterna

859 614 1057 670 fruatur.
1087 616 1203 671 Hoc
1228 615 1382 681 Deus,
1403 620 1545 672 neſcii
1565 638 1627 675 ne
1651 623 1813 685 ſimus,
1838 637 2137 693 praeconum

858 683 1053 735 ſuorum
1089 698 1216 737 uoce
1251 686 1525 750 denuntiat,
1558 690 1696 744 ſimul
1734 693 1834 746 hoc
1881 692 2135 763 adiungit,

852 760 952 813 quo
987 750 1161 803 certior
1197 766 1272 803 res
1305 764 1436 807 tanta
1466 753 1571 817 fiat,
1603 757 1853 826 omniſque
1890 760 2134 818 dubitatio

851 815 1143 879 expellatur.
1199 818 1307 871 Ore
1342 823 1476 873 enim
1519 822 1813 878 ſacroſancto
1844 827 2131 891 confirmat,

850 880 969 945 quid
988 880 1089 932 fieri
1104 880 1243 942 uelit,
1264 883 1346 949 qui
1370 871 1476 935 non
1506 879 1684 943 miſerit
1710 890 1886 945 Filium
1916 891 2049 944 ſuum
2082 895 2132 945 in

850 947 1114 1010 mundum,
1140 960 1195 1001 ut
1214 952 1449 1005 mundum
1472 952 1698 1019 damnet,
1727 957 1811 1011 ſed
1854 960 2039 1014 mundus
2077 974 2133 1014 ut

849 1015 1062 1068 ſeruetur
1102 1031 1188 1082 per
1227 1015 1370 1069 eum.
1394 1019 1479 1086 qui
1516 1022 1682 1075 credat
1712 1024 1765 1076 in
1804 1026 1983 1086 hunc,
2017 1040 2133 1080 eum

847 1081 1129 1147 neutiquam
1166 1083 1515 1148 condemnari,
1545 1089 1628 1154 qui
1664 1090 1854 1152 minus,
1883 1107 1995 1144 eum
2034 1095 2131 1150 iam

848 1153 942 1207 eſſe
974 1153 1375 1216 condemnatum,
1405 1157 1544 1223 quod
1570 1175 1754 1216 nomen
1779 1164 1882 1219 Filii
1906 1166 2007 1226 ſui,
2027 1167 2133 1219 uni-

845 1228 1018 1297 genae,
1041 1221 1214 1274 fiducia
1243 1222 1479 1292 religioſa,
1505 1241 1607 1279 non
1626 1221 1770 1283 colat.
1838 1230 2032 1300 Quibus
2059 1248 2131 1288 re-

848 1300 937 1337 bus
959 1285 1037 1349 fit,
1066 1300 1121 1340 ut
1143 1287 1360 1344 Chriſtus
1384 1291 1440 1342 ſit
1460 1300 1748 1362 maneatque
1783 1294 1903 1362 Spes
1930 1296 2146 1353 humani

844 1354 1038 1418 generis
1063 1355 1228 1416 unica,
1254 1371 1460 1424 cumque
1483 1359 1565 1413 hic
1588 1362 1801 1417 cruciatu
1826 1363 1936 1427 ſuo,
1960 1378 2011 1417 et
2032 1366 2127 1433 ipſa

844 1428 1039 1481 morte,
1068 1419 1332 1476 hominum
1365 1437 1582 1487 poenam
1619 1423 1785 1491 luerit,
1824 1423 1984 1492 fides,
2023 1437 2127 1485 eius

846 1482 1076 1534 meritum
1094 1482 1341 1551 amplexa,
1367 1496 1530 1553 eoque
1558 1478 1757 1543 firmiter
1781 1487 2055 1555 ſuſtentata,
2073 1492 2126 1545 o-

845 1566 1003 1615 mnes,
1023 1555 1085 1607 ad
1113 1570 1222 1607 eum
1247 1558 1330 1622 qui
1353 1557 1670 1628 confugiant,
1704 1564 1768 1617 ad
1800 1566 1994 1618 ſalutem
2019 1582 2124 1632 per-

842 1623 1002 1676 ducat.
1079 1625 1175 1680 Sed
1197 1626 1337 1680 huius
1352 1629 1465 1684 fidei
1496 1630 1722 1692 ſalutaris,
1748 1646 1893 1699 quam
1922 1633 2124 1701 Spiritus

841 1689 1046 1743 Sanctus
1066 1690 1267 1752 excitat,
1288 1706 1346 1743 ea
1364 1698 1437 1748 uis
1451 1693 1544 1757 eſt,
1569 1709 1627 1747 ea
1652 1698 1774 1758 dos,
1761 1701 2013 1762 conceſſa
2053 1705 2121 1757 di-

841 1754 1051 1816 uinitus,
1086 1758 1159 1808 uti
1203 1771 1462 1811 mentem,
1488 1772 1667 1824 quanta
1702 1764 1965 1827 ſanctitate,
1988 1776 2121 1822 tanta

839 1822 1048 1883 laetitia,
1082 1823 1346 1890 compleat.
1423 1828 1520 1892 Ipſa
1552 1845 1667 1882 uero
1694 1825 1952 1900 laetitia,
1967 1848 2114 1899 quam

838 1889 1138 1945 Chriſtianus
1161 1892 1383 1958 percipit,
1412 1897 1461 1947 in
1486 1897 1622 1948 terris
1647 1897 1916 1961 inchoatur,
1933 1899 1982 1950 in
2007 1912 2120 1954 coe-

841 1951 904 2002 lo
917 1953 1181 2020 perficitur,
1202 1957 1470 2026 eademque
1507 1960 1556 2012 in
1585 1963 1723 2015 terris
1746 1965 1890 2017 etiam
1934 1967 2117 2030 creſcit,

841 2022 1029 2087 quoties
1065 2028 1126 2078 de
1166 2026 1334 2080 futuro
1366 2042 1422 2079 ac
1453 2040 1688 2093 perpetuo
1732 2034 1950 2089 coeleſtis
1990 2037 2118 2089 uitae

839 2087 1026 2152 gaudio
1054 2090 1313 2158 cogitatur.
1358 2095 1492 2150 Haec
1514 2096 1781 2151 diuinarum
1804 2102 1959 2153 rerum
1986 2118 2118 2154 com-

837 2159 1074 2215 mentatio
1106 2162 1329 2218 Luthero
1356 2166 1603 2221 materiam
1633 2169 1853 2237 praebet,
1875 2171 2025 2241 Sigilli
2049 2177 2118 2229 ſui

1939 2245 2150 2314 doctri-
