1691 2464
345 322 392 363 A.
423 322 462 362 C.

259 376 448 415 Interea
522 359 902 415 Conſtantinus,
961 348 1186 394 convocatis

204 439 599 490 CCCXXXVIII.
630 425 849 484 Epiſcopis,
879 420 1083 476 Septimam
1106 417 1185 460 Oe-

206 491 449 537 cumenicam
475 484 671 544 Synodum
689 480 818 535 cogit,
848 478 890 516 in
911 487 986 530 qua
1006 471 1187 514 damnan-

207 563 272 596 tur
296 550 502 607 imagines,
531 548 569 589 &
593 542 690 589 Idola
713 547 911 586 vocantur.
972 530 1189 578 Iconolatræ

210 620 339 654 tamen
364 612 463 651 hanc
486 601 679 658 Synodum
706 611 783 640 non
807 595 950 639 habent
966 589 1192 644 legitimam,

172 672 318 729 quod
333 683 413 714 non
425 654 693 723 conſenſerint,
718 653 968 703 Occidentales
977 647 1165 706 Epiſcopi.

329 772 417 827 759.

271 827 417 886 Iuſaph,
427 825 496 880 qui
513 823 552 864 in
569 818 750 877 Hiſpania
767 812 960 858 Saracenis
974 801 1197 862 imperabat,

216 893 378 930 nomine
403 885 518 937 Regis
540 880 792 921 Aſiaticorum
816 871 1116 921 Saracenorum,
1143 860 1198 903 ob

218 952 366 989 cladem
388 950 583 994 acceptam
606 939 627 976 a
644 932 801 989 reliquis
815 940 865 971 eo
879 932 919 969 in
936 924 1070 979 Regno
1084 923 1199 964 Chri-

219 1010 366 1058 ſtianis,
396 1005 488 1041 loco
502 1004 632 1038 motus
649 993 751 1042 ceſſit
766 982 1023 1040 Abderameni,
1051 981 1117 1036 qui
1127 982 1199 1020 Re-

174 1071 332 1120 gium
355 1071 501 1104 nomen
523 1052 672 1113 ſumſit,
698 1053 737 1097 &
758 1047 898 1106 viginti
927 1044 1071 1100 ſeptem
1092 1039 1199 1082 annis

221 1130 412 1180 Cordubæ
444 1123 622 1183 regnavit.

337 1232 426 1285 763.

236 1280 505 1334 lconolatræ
532 1251 692 1313 negotia
716 1254 935 1301 faceſſentes
956 1246 1208 1293 Conſtantino

232 1363 314 1387 non
327 1335 535 1383 potuerunt
543 1320 750 1379 impedire,
779 1318 872 1373 quin
890 1311 1035 1357 bellum
1053 1308 1210 1353 inferret

231 1396 431 1448 Bulgaris,
458 1390 583 1446 iisque
629 1379 822 1436 devictis,
848 1366 1210 1431 Conſtantinopolin

231 1453 414 1511 regreſſus
458 1444 741 1506 triumpharet;
798 1438 891 1485 licet
933 1437 1100 1487 Turcæ,
1144 1441 1211 1485 per

235 1517 388 1574 Caſpias
411 1513 556 1571 Portas
572 1502 840 1563 irrumpentes,
870 1512 920 1541 ex
935 1493 1117 1539 Armenia
1134 1502 1214 1531 ma-

222 1588 329 1628 gnas
343 1572 495 1623 egerint
507 1553 666 1621 prædas,
692 1560 800 1616 quod
815 1558 854 1600 &
870 1554 1021 1612 poſtea,
1049 1555 1216 1606 reporta-

239 1647 289 1681 tis
311 1638 360 1675 de
383 1629 469 1686 ipſis
488 1623 677 1677 Saracenis
699 1616 918 1674 ingentibus
942 1602 1135 1667 victoriis,
1161 1605 1218 1650 fe-

240 1715 387 1754 cerunt.

357 1778 450 1837 766.

300 1840 420 1883 Haud
443 1833 569 1879 multo
590 1831 674 1888 poſt
696 1826 797 1872 miſit
811 1826 859 1870 ad
874 1824 1048 1881 Pipinum
1064 1815 1224 1871 Iegatos,

242 1899 316 1957 qui
330 1900 368 1937 ei
392 1896 593 1939 ſuaderent
606 1882 857 1931 eliminandas
872 1879 1081 1936 imagines,
1110 1883 1224 1927 quam

248 1964 291 2004 in
321 1969 401 1998 rem
425 1956 466 1995 in
487 1944 754 1999 Gentiliacenſi
776 1943 932 1996 Synodo
955 1941 1054 1981 inter
1076 1937 1227 1977 Græcos

189 2019 293 2071 &
310 2014 471 2058 Latinos
486 2021 570 2051 orta
586 2006 639 2050 eſt
653 1997 897 2061 diſceptatio,
925 1998 989 2039 ſed
1008 1991 1106 2037 nihil
1122 1991 1228 2035 vide-

254 2092 319 2132 tur
348 2075 558 2115 decretum.
612 2063 732 2107 Græci
758 2062 876 2105 etiam
899 2055 1059 2101 Latinos
1083 2048 1232 2094 incuſa-
