2472 3006
573 405 944 456 PASTORVM
944 405 1326 456 ECCLESIAE.

1521 413 1584 468 31

339 499 614 560 Haußbacken
631 500 771 554 Brod,
789 497 956 555 welches
980 497 1219 554 wenigſtens
1236 499 1351 547 einen
1369 496 1577 555 Groſchen

335 557 486 612 werth.
542 557 658 612 Quia
676 567 817 601 autem
833 568 999 599 annona
1019 568 1108 596 non
1126 553 1285 610 ſemper
1303 556 1446 598 eadem
1463 554 1525 600 eſt
1525 562 1577 599 ac

335 623 463 663 certa,
483 609 550 656 ſed
566 610 909 657 viciſſitudinibus
938 608 1142 659 obnoxia,
1170 607 1318 664 opinio
1344 607 1576 665 Carpzouii

336 671 382 718 in
402 666 564 725 iurispr.
587 668 684 713 eccl.
701 667 769 712 lib.
788 683 813 711 1.
832 665 912 712 def.
937 679 1020 720 104.
1057 678 1109 706 eo
1127 665 1296 714 tendit,
1336 667 1453 720 quod
1476 667 1576 710 huic

334 725 484 773 valori
508 739 583 768 non
614 722 665 768 ſit
695 723 873 782 praeciſe
910 722 1242 772 inhaerendum,
1276 734 1381 776 quæe
1424 725 1575 777 opinio

335 787 464 833 etiam
481 782 682 841 congruit
700 783 835 830 modo
856 777 1063 845 allegatae.
1079 775 1317 835 ordinationi
1340 782 1575 831 eccleſiaſti-

334 859 420 898 cae,
440 845 544 895 dum
563 846 675 892 enim
690 846 735 892 in
748 845 815 890 illa
832 843 1057 904 requiritur
1074 844 1138 893 ein
1158 841 1406 900 gewoͤhnlich
1427 844 1573 899 Hauß⸗

334 905 476 959 backen
493 905 634 963 Brod,
644 899 911 964 conſequitur
929 900 1088 955 exinde,
1104 892 1271 947 tantum
1290 901 1382 947 vice
1400 902 1485 948 eius
1496 902 1573 948 eſſe

325 964 639 1027 praeſtandum,
656 964 802 1023 quanti
820 963 910 1010 talis
928 962 1045 1023 panis
1069 973 1262 1021 tempore
1285 962 1573 1020 praeſtationis

336 1022 514 1071 conſtat.
573 1024 671 1071 Nec
692 1021 935 1082 parochiani
944 1032 1139 1067 tenentur
1160 1019 1368 1066 exſoluere
1388 1018 1576 1078 pretium

336 1081 455 1142 panis
480 1082 711 1141 praeſtandi
736 1095 931 1142 tempore
955 1080 1163 1135 vſitatum,
1189 1078 1218 1124 ſi
1235 1079 1480 1139 parochiani
1498 1094 1578 1140 per

334 1139 654 1202 praeſcriptioni
669 1140 892 1191 definitum
908 1151 1075 1200 tempus
1092 1136 1350 1186 vniformem
1366 1137 1577 1199 praeſtite-

337 1197 425 1255 rint
442 1206 721 1253 quantitatem
737 1207 854 1253 illuſt.
873 1205 1047 1253 Boehm.
1064 1204 1109 1249 in
1125 1203 1201 1247 iur.
1218 1203 1389 1263 paroch.
1400 1204 1489 1252 ſect.
1500 1208 1576 1255 VI.

319 1278 375 1309 C.
394 1280 420 1307 I.
438 1252 473 1321 §.
494 1278 549 1318 25.
610 1264 777 1309 Edocet
796 1259 1048 1320 experientia
1072 1274 1153 1319 pro
1172 1273 1280 1319 pane
1303 1256 1458 1319 ſaepius
1476 1272 1577 1317 qua-

335 1336 433 1375 tuor
455 1319 616 1386 groſſos
633 1324 798 1372 exſolui.
857 1325 1026 1373 Nititur
1041 1322 1144 1369 haec
1161 1320 1381 1382 praeſtatio
1403 1320 1580 1368 conſue-

334 1379 499 1430 tudine,
516 1369 616 1423 hinc
643 1375 840 1439 quisquis,
862 1376 1123 1439 parochorum
1153 1374 1340 1434 expoſcit
1355 1388 1495 1433 panes,
1516 1385 1580 1417 te-

338 1443 467 1486 netur,
480 1431 588 1482 hanc
603 1432 890 1480 introductam
900 1432 1246 1476 conſuetudinem
1254 1435 1448 1486 probare,
1459 1435 1579 1487 quod

340 1509 419 1540 nec
435 1486 550 1539 aliter
575 1487 610 1539 ſe
604 1486 751 1540 habet
767 1495 821 1538 in
843 1493 1015 1537 Saxonia
1041 1491 1261 1550 Electorali
1285 1492 1367 1536 vid.
1385 1502 1457 1534 art.
1485 1504 1579 1545 gen.

340 1546 459 1602 40.
421 1543 458 1595 in
468 1553 582 1594 verb.
603 1542 641 1597 da
652 1541 754 1601 auch
764 1552 827 1596 die
837 1543 1116 1603 Gewohnheit
1126 1551 1219 1596 dem
1228 1548 1422 1605 Pfarrer
1427 1550 1580 1598 Brodt

344 1610 397 1654 zu
416 1601 552 1653 geben.
611 1603 655 1643 Si
674 1597 770 1655 quis
781 1602 829 1642 in
844 1603 919 1643 alia
935 1602 1097 1642 habitet
1116 1606 1329 1653 parochia,
1346 1608 1391 1638 in
1408 1611 1482 1640 alia
1509 1620 1581 1639 au-

343 1659 434 1700 tem
448 1651 650 1708 poſſideat
657 1662 808 1705 agros,
821 1652 1030 1705 parochus
1047 1653 1141 1699 iſte,
1159 1657 1269 1695 intra
1286 1658 1404 1690 cuius
1427 1661 1581 1695 limites

342 1708 600 1770 parochiales
625 1709 711 1765 agri
728 1700 811 1768 ſiti,
825 1704 1041 1764 deſtituitur
1062 1707 1256 1751 facultate
1275 1711 1581 1768 exigendorum

340 1777 515 1826 panum,
533 1763 654 1808 huius
671 1764 731 1808 rei
746 1763 853 1808 ratio
869 1765 913 1807 in
932 1777 984 1807 eo
1000 1762 1259 1812 collocanda,
1280 1776 1374 1818 quia
1386 1774 1580 1818 parocho

342 1810 528 1881 reſpectu
545 1820 657 1865 iſtius
664 1817 850 1867 hominis
867 1833 945 1865 nec
961 1819 1042 1864 vlla
1059 1831 1157 1864 cura
1173 1824 1404 1864 animarum
1421 1837 1500 1862 nec
1517 1831 1580 1871 la-

347 1889 429 1938 bor
449 1886 670 1936 incumbit.

832 1942 871 1994 §.
929 1938 1115 1994 XXV.

462 2007 688 2061 Reditibus
701 1999 918 2069 paſtorum
941 2004 1181 2056 accenſendi
1198 2005 1351 2066 pariter
1376 2001 1471 2052 ſunt
1498 2007 1580 2053 miſ-

343 2070 441 2121 ſales
457 2070 621 2117 nummi
644 2070 706 2120 die
734 2067 1134 2129 Opffer ⸗ Pfennige
1163 2065 1332 2126 ſingulis
1353 2070 1450 2111 anni
1481 2084 1587 2129 qua-

343 2131 560 2181 drantibus
573 2126 766 2182 ſoluendi,
771 2121 865 2182 inde
875 2129 1125 2190 quibusdam
1135 2128 1195 2177 die
1206 2126 1438 2188 Bierzeiten
1463 2131 1574 2194 Pfen⸗

345 2191 439 2250 nige
466 2189 651 2238 audiunt.
713 2191 959 2238 Penduntur
980 2187 1043 2236 iſti
1059 2204 1141 2249 pro
1157 2187 1231 2235 vſu
1261 2189 1394 2234 ſacrae
1417 2201 1576 2249 coenae,

346 2253 399 2301 ad
418 2265 545 2314 quam
562 2249 665 2296 olim
679 2267 702 2298 a
725 2248 890 2310 ſingulis
915 2249 1150 2297 oblationes
1167 2248 1337 2303 fiebant,
1355 2268 1462 2310 quae
1478 2256 1587 2311 pro-

344 2315 521 2363 cedente
545 2323 739 2371 tempore
769 2310 815 2358 in
843 2323 1002 2357 certam
1027 2309 1346 2370 praeſtationem
1380 2322 1578 2370 pecunia-

345 2378 453 2436 riam
477 2386 769 2433 commutatae.
855 2375 1057 2426 Soluendi
1079 2372 1174 2424 ſunt
1194 2381 1386 2439 parocho
1412 2392 1503 2422 non
1529 2381 1582 2420 ab

1592 2020 1719 2065 Nummi
1728 2019 1801 2076 miſ-

1587 2075 1663 2128 ſales
1691 2079 1779 2124 inter

1593 2132 1707 2172 reditus
1717 2141 1778 2173 pa-

1588 2186 1697 2252 ſtorum
1718 2187 1805 2240 refe-

1587 2245 1686 2297 rendi.

1478 2454 1580 2512 aliis,
