2561 2659
1019 325 1138 390 334

1426 318 1753 387 Antiquitates
1753 318 2005 387 Palatinæ.

1134 416 1232 459 Der
1241 414 1400 461 Vatter
1410 414 1552 469 unſers
1558 414 1722 468 HErrn
1731 412 1861 475 JEſu
1870 413 2096 473 Chriſti
2034 412 2150 466 wolle
2183 415 2244 468 Eu.
2270 410 2380 476 Chur⸗

1033 451 1191 525 Fuͤrſtl.
1194 455 1289 515 Gn.
1308 468 1372 512 mit
1393 470 1454 513 dem
1484 463 1636 524 Fuͤrſtl.
1666 467 1739 520 Geiſt
1770 459 1955 529 ſtaͤrcken/
1956 465 2042 525 mit
2042 460 2251 526 Weißheit/
2277 469 2381 533 Raht

1030 531 1117 572 und
1141 518 1292 581 Krafft/
1313 519 1400 581 auch
1400 519 1481 574 mit
1496 526 1618 581 ſeiner
1621 525 1737 585 Heil.
1747 524 1896 583 Furcht
1917 521 2084 588 reichlich
2107 522 2377 590 begaben/und

1032 584 1156 637 ſeiner
1170 583 1343 633 Kirchen
1356 589 1443 631 und
1456 588 1657 642 gemeiner
1667 585 1937 645 Chriſtenheit
1950 597 2045 646 zum
2056 587 2216 646 beſten/
2229 588 2306 634 mit
2313 597 2381 647 ge⸗

1033 640 1190 697 ſundem
1211 630 1498 706 gluͤckſeeligem
1508 642 1638 695 Leben
1647 642 1848 710 begaben/
1859 637 2023 698 Amen.

1538 757 1632 810 Die
1640 757 2251 817 Namen
1831 753 1890 809 der
1918 758 2240 817 Kirchen⸗Diener
2267 760 2380 818 ſeynd

1597 819 1664 867 im
1674 817 1940 874 Lateiniſchen
1948 822 2127 874 Exemplar,
2173 818 2205 875 ſo
2213 817 2379 877 Churfl.

1599 875 1698 927 Gn.
1706 873 1766 935 iſt
1766 873 2377 938 uͤberreicht/unterſchrieben/ꝛc.

1431 1053 1643 1124 Von
1663 1047 1905 1116 Sutero.

1031 1146 1147 1238 D

1147 1146 1209 1204 Aß
1219 1133 1372 1193 Suterus
1386 1147 1462 1194 mit
1474 1148 1566 1196 dem
1581 1146 1749 1199 Sylvano
1764 1145 1968 1204 derſelben
1984 1144 2371 1206 Gottslaͤſteriſchen

1149 1195 1216 1249 Lehr
1251 1194 1463 1245 anhaͤngig
1472 1198 1677 1247 geweſen/
1681 1202 1774 1241 und
1781 1201 1941 1250 dieſeſbe
1947 1203 2289 1253 fortzupflantzen
2301 1206 2374 1247 ſich

1032 1264 1111 1309 mit
1119 1255 1281 1316 Sylvano
1281 1256 1593 1318 unterſtanden.

1128 1321 1305 1373 Sylvanus
1318 1312 1495 1376 ſchreibet
1506 1308 1592 1377 alſo
1604 1333 1661 1371 an
1669 1322 1910 1364 Blandratam:
1928 1317 2036 1388 Jch
2057 1321 2145 1376 habe
2164 1324 2255 1372 einen
2280 1324 2376 1367 Col-

1030 1368 1154 1430 Iegam
1172 1382 1264 1426 oder
1275 1379 1544 1436 Geſellen/
1500 1375 1556 1433 der
1579 1383 1671 1428 mein
1678 1380 1932 1436 Nachbauer
1944 1378 2006 1436 iſt/
2023 1377 2128 1437 einen
2138 1376 2298 1433 Diener
2306 1379 2373 1431 des

1025 1435 1262 1489 Worts/ꝛc.
1331 1443 1417 1491 Und
1417 1443 1522 1491 baſd
1542 1446 1728 1496 darauff/
1742 1443 1792 1500 ſo
1800 1444 1877 1492 viel
1889 1447 1949 1500 die
1958 1442 2166 1507 Religion
2181 1442 2370 1507 belangt/

1033 1487 1080 1550 iſt
1095 1509 1133 1543 er
1138 1499 1232 1546 rein
1232 1499 1322 1546 und
1331 1492 1669 1553 auffrichtig/ꝛc.

1127 1539 1219 1600 Jm
1230 1541 1356 1598 ſelben
1376 1542 1509 1605 Brieff
1525 1541 1698 1605 ſchreibet
1709 1543 1894 1595 Sylvanus
1901 1550 2002 1591 vom
2013 1528 2151 1602 Sutero
2175 1534 2375 1599 abermahl

1035 1603 1154 1662 alſo:
1182 1601 1241 1657 Er
1252 1603 1331 1661 hat
1331 1603 1369 1661 ſo
1388 1604 1477 1664 lang
1496 1599 1614 1667 dieſen
1638 1590 1801 1668 Zweifel
1814 1607 1892 1663 bey
1901 1608 1973 1664 ſich
1984 1594 2107 1655 fovirt
2122 1612 2222 1656 oder
2242 1605 2372 1664 behal⸗

1034 1671 1123 1721 ten/
1133 1667 1196 1714 bis
1205 1668 1288 1725 daß
1288 1668 1334 1723 er
1343 1668 1578 1725 verſtanden
1588 1669 1687 1725 hat/
1695 1669 1773 1723 daß
1780 1671 1836 1723 ich
1846 1669 1967 1726 dieſer
1974 1672 2202 1727 Meynung
2215 1669 2300 1728 ſey/
2319 1670 2372 1724 ich

1032 1723 1131 1778 habe
1141 1722 1224 1777 ihm
1231 1722 1357 1781 geben
1371 1736 1458 1772 euer
1484 1712 1614 1780 Buch/
1620 1722 1835 1783 gedruckt
1815 1719 1860 1788 zu
1866 1727 1961 1768 Alba
1978 1718 2087 1783 Julia,
2109 1725 2247 1786 darauß
2276 1728 2319 1781 iſt
2330 1736 2371 1776 er

1027 1787 1144 1838 gantz
1151 1778 1314 1832 worden
1331 1775 1449 1839 dieſer
1485 1779 1696 1840 Meynung.

1110 1834 1223 1883 Von
1223 1835 1316 1884 ihm
1331 1824 1400 1881 und
1424 1831 1544 1887 Sutero
1562 1829 1738 1896 ſchreibet
1756 1838 1925 1891 Sylvanus
1943 1835 2019 1895 alſo
2037 1839 2073 1884 in
2082 1835 2369 1896 obgemeldtem

1030 1892 1204 1950 Brieff:
1231 1879 1410 1944 Dieweil
1423 1896 1502 1941 wir
1526 1886 1612 1947 aber
1631 1884 1770 1955 muͤſſen
1788 1898 1851 1941 die
1862 1882 2001 1948 unſere
2014 1894 2121 1951 Lehr
2133 1897 2213 1942 mit
2226 1893 2371 1952 groſſer

1032 1943 1234 2011 Weißheit
1253 1944 1397 2010 decken/
1415 1964 1491 2011 zum
1521 1943 1626 2010 Theil
1646 1963 1710 2002 von
1740 1947 1860 2013 wegen
1878 1958 1940 2002 des
1949 1949 2177 2010 Grimmes
2177 1950 2248 2010 der
2265 1947 2366 2016 Fein⸗

1034 2016 1115 2059 de/
1096 2005 1197 2074 zum
1228 2013 1331 2068 Theil
1350 2006 1473 2061 damit
1492 2018 1549 2061 der
1555 2011 1780 2070 Fortgang
1800 2019 1865 2061 und
1896 2008 2006 2071 Lauff
2014 2017 2133 2072 dieſer
2148 2016 2252 2071 Lehr
2267 2017 2368 2070 nicht

1034 2068 1272 2119 verhindert
1272 2069 1423 2123 werde/
1432 2067 1577 2124 (dann
1590 2062 1649 2119 die
1665 2068 1771 2124 Lehre
1788 2067 1931 2119 wuͤrde
1947 2073 2025 2117 mit
2040 2076 2125 2117 uns
2135 2069 2366 2129 vergraben

1033 2124 1221 2182 werden)
1237 2122 1278 2179 ſo
1289 2127 1402 2173 denck
1419 2131 1473 2172 du
1484 2130 1596 2175 mein
1608 2125 1826 2175 Bruder/
1845 2129 1910 2179 wie
1911 2123 2003 2184 ſehr
2026 2120 2091 2182 wir
2107 2128 2267 2182 affligirt
2276 2134 2367 2176 oder

1034 2176 1228 2236 geplaget
1228 2176 1423 2237 ſind/daß
1431 2183 1508 2229 wir
1529 2180 1603 2234 nicht
1610 2177 1795 2233 duͤrffen
1819 2174 1918 2238 rund/
1955 2169 2023 2234 was
2053 2169 2119 2234 wir
2125 2173 2369 2237 halten/her⸗

1034 2238 1118 2289 auß
1129 2237 1348 2295 ſagen/und
1357 2243 1431 2286 wie
1440 2238 1528 2297 ſehr
1541 2231 1627 2294 dieſe
1627 2231 1852 2298 Hoffnung
1868 2238 2005 2296 unſere
2013 2240 2227 2300 Gemuͤter
2237 2239 2373 2298 plagt/

1033 2292 1173 2349 welche
1187 2298 1261 2349 jetzt
1279 2301 1462 2352 verzogen
1469 2297 1599 2349 wird/
1614 2299 1715 2344 dann
1740 2299 1801 2344 wir
1816 2294 1985 2356 hoffen/
2001 2297 2081 2361 daß
2096 2290 2219 2355 durch
2234 2291 2316 2345 uns
2331 2293 2401 2341 in

2291 2364 2377 2402 viel
