2273 2849
436 480 473 517 3.
498 471 571 510 2dò
590 474 637 509 ad
654 472 942 515 exhæreditatem
958 475 1173 524 requiritur,
1191 476 1231 515 ùt
1246 478 1309 516 fiat
1329 478 1439 527 purè,
1452 480 1492 518 &
1505 494 1580 520 non
1594 482 1658 520 ſub

258 516 489 564 conditione,
511 521 533 556 l.
554 532 586 568 3.
603 519 639 566 §.
657 521 747 568 purè.
765 526 796 562 h.
819 536 846 562 t.
875 525 918 565 ſic
944 537 1017 563 non
1046 527 1165 565 valet:
1192 528 1286 565 filius
1319 530 1474 566 exhæres
1509 530 1614 571 eſto,
1631 532 1658 569 ſi

262 567 427 617 Princeps
448 568 635 610 naſcetur,
650 569 736 616 quia
756 571 778 608 ſi
797 584 870 609 non
890 574 1034 612 eveniat
1054 573 1233 616 conditio,
1252 575 1345 611 foret
1368 578 1588 624 præteritus;
1606 589 1656 615 ex

259 617 424 655 oratione
437 620 532 657 enim
554 619 733 669 privativa
749 632 822 659 non
842 623 955 670 poteſt
973 623 1138 664 reſultare
1156 624 1332 673 diſpoſitio
1350 627 1523 674 poſitiva,
1538 630 1577 664 &
1589 630 1654 666 ha-

258 673 388 713 bitus;
415 667 614 715 præteritus
638 676 758 706 autem
782 671 870 708 dicit
889 673 1142 711 teſtamentum
1162 672 1315 711 nullum.

435 725 473 761 4.
499 715 573 761 3tiò
598 716 641 753 ùt
655 717 716 755 fiat
736 717 758 754 à
779 727 856 757 tota
870 719 1095 764 hæreditate,
1118 722 1161 759 ſic
1182 733 1259 759 non
1278 721 1394 761 valet:
1427 723 1519 762 filius
1540 726 1657 764 exhæ-

259 777 315 802 res
331 767 403 804 eſto
435 766 443 804 à
461 768 576 805 fundo
593 766 830 809 Tuſculano,
853 769 940 816 quia
958 769 1119 819 reſpeƈtu
1150 772 1304 811 aliorum
1340 772 1521 811 bonorum
1555 775 1657 814 foret

259 821 474 861 præteritus,
501 816 558 856 ſed
576 818 770 870 præteritus
800 820 888 859 dicit
920 822 1174 862 teſtamentum
1204 824 1357 862 nullum.
1408 826 1487 864 Nec
1510 825 1649 870 obſtat,

258 864 358 902 quòd
378 866 559 907 inſtitutus
583 866 619 904 in
642 878 679 905 re
706 877 803 905 certa
820 873 1004 908 cenſeatur
1017 869 1199 910 inſtitutus
1220 873 1255 909 in
1277 881 1353 910 tota
1383 872 1608 920 hæreditate,
1627 879 1656 915 ſi

253 927 329 951 non
349 916 477 956 habeat
492 910 711 957 cohæredem
729 919 991 967 univerſalem;
1005 932 1091 970 ergo
1112 922 1231 960 etiam.
1252 925 1301 971 ꝶ.
1318 924 1557 977 diſparitatem
1574 928 1653 972 eſſe,

257 969 357 1011 quòd
378 968 553 1011 inſtitutio
584 974 625 1010 ſit
647 971 880 1014 favorabilis,
909 982 997 1020 ergo
1028 972 1267 1018 extendenda,
1290 975 1531 1017 exhæredatio
1564 978 1658 1020 verò

255 1017 400 1058 odioſa:
394 1024 502 1066 ergo
525 1021 787 1070 reftringenda,
811 1024 834 1058 l.
857 1034 913 1066 19.
935 1025 968 1059 h.
989 1032 1016 1063 t.

384 1066 469 1107 5.
493 1066 558 1104 4tò
574 1067 776 1112 requiritur,
784 1066 823 1101 ùt
835 1067 898 1103 fiat
913 1077 995 1103 ante
1010 1069 1143 1104 aditam
1161 1070 1415 1115 hæreditatem,
1442 1072 1461 1108 &
1478 1079 1556 1119 non
1556 1074 1652 1121 poſt,

248 1111 279 1153 l.
298 1120 333 1158 3.
350 1120 386 1153 S.
390 1113 494 1161 filius.
511 1118 545 1153 h.
564 1128 592 1155 t.
644 1118 758 1155 Caſus
790 1119 879 1155 dixit
906 1118 1081 1157 teſtator:
1113 1121 1273 1168 quisquis
1300 1124 1387 1158 mihi
1417 1126 1526 1160 hæres
1554 1125 1650 1167 erit,

258 1173 348 1201 filius
366 1163 521 1204 exhæres
544 1165 642 1210 eſto,
667 1166 741 1205 hæc
757 1166 997 1206 exhæredatio
1012 1179 1084 1207 non
1108 1171 1233 1218 valet;
1249 1171 1332 1219 quia
1348 1172 1397 1209 eſt
1416 1171 1647 1226 impoſſibilis,

253 1222 335 1249 nam
357 1220 457 1261 pater
482 1213 682 1253 exhæredat
706 1214 818 1254 filium
837 1217 913 1265 poſt
931 1216 1063 1256 aditam
1082 1219 1351 1260 hæreditatem,
1380 1228 1482 1270 quod
1505 1222 1554 1259 eſt
1580 1225 1645 1262 im-

250 1267 430 1309 poſſibile,
446 1268 483 1304 &
497 1265 841 1317 contradictorium;
858 1270 1012 1308 eundem
1033 1271 1130 1310 enim
1151 1272 1265 1310 filium
1286 1274 1452 1317 inſtituit,
1473 1276 1511 1312 &
1529 1278 1652 1315 exhæ-

245 1315 380 1355 redat:
404 1316 450 1354 ſic
477 1326 543 1354 nec
568 1318 689 1360 valet,
717 1320 740 1356 ſi
767 1319 885 1362 dicat,
906 1320 1024 1359 Titius
1041 1322 1149 1359 hæres
1162 1323 1260 1365 eſto,
1280 1325 1316 1362 &
1338 1322 1423 1362 cùm
1437 1323 1546 1363 hæres
1565 1325 1648 1371 erit,

247 1369 344 1398 filius
362 1355 520 1401 exhæres
538 1365 643 1406 eſto,
671 1365 733 1414 qui
770 1366 868 1405 Caſus
892 1368 941 1406 eſt
959 1370 995 1406 in
1012 1369 1036 1406 l.
1055 1368 1115 1407 68.
1140 1369 1179 1407 de
1194 1370 1309 1407 hared.
1333 1373 1403 1413 inſt.
1435 1383 1518 1409 nam
1553 1374 1652 1411 filius

253 1418 298 1450 eſt
319 1416 515 1461 præteritus
541 1416 701 1466 reſpeƈtu
716 1416 944 1462 teſtamenti,
970 1415 1056 1456 cùm
1076 1421 1194 1469 primo
1213 1422 1291 1470 poſt
1310 1424 1505 1462 aditionem
1528 1425 1568 1462 ſit
1587 1435 1653 1470 ex-

252 1464 461 1504 hæredatus.

426 1514 461 1551 6.
488 1509 551 1559 5tò
563 1510 777 1561 requiritur,
791 1513 832 1550 ùt
842 1514 1061 1563 exprimatur
1078 1517 1183 1554 cauſa
1199 1517 1516 1559 exhæredationis,
1535 1530 1650 1568 quam

250 1567 359 1597 hæres
379 1562 488 1600 hodie
501 1562 608 1600 debet
629 1562 782 1614 probare
798 1563 897 1603 fuiſſe
903 1563 1049 1614 juſtam.
1101 1568 1227 1607 Cauſæ
1244 1576 1364 1605 autem
1389 1577 1653 1609 enumerantur

240 1614 291 1650 in
301 1618 388 1652 Nov.
412 1624 492 1663 115.
508 1619 542 1655 C.
567 1625 599 1660 3.
624 1618 660 1655 &
688 1617 768 1655 ſunt
795 1626 851 1666 14.
870 1625 1015 1666 propter
1039 1628 1128 1667 quas
1150 1620 1294 1670 poſſunt
1317 1622 1418 1662 liberi
1438 1622 1650 1665 exhæreda.

234 1655 307 1707 ri,
328 1673 443 1715 atque
461 1668 517 1704 his
538 1669 695 1707 verſibus
715 1669 973 1709 continentur:

422 1715 519 1751 Filius
535 1712 671 1752 exhares
688 1716 770 1758 eſto,
789 1719 827 1753 1.
840 1716 876 1759 ſi
885 1714 979 1760 fortè
991 1724 1167 1763 parentem

494 1760 645 1803 Accuſet,
674 1770 708 1795 2.
728 1761 856 1800 verbis,
883 1770 917 1805 3.
933 1762 1182 1810 verberibusque
1197 1773 1326 1811 gravet.

418 1816 457 1854 4.
473 1808 507 1843 Si
529 1810 604 1845 vita
627 1808 756 1850 inſidias
772 1810 895 1853 ſtruat,
913 1820 950 1858 5.
961 1818 1022 1846 aut
1038 1809 1091 1847 det
1110 1811 1255 1855 damna,
1271 1814 1307 1851 6.
1321 1812 1376 1851 vel
1393 1812 1491 1863 obſtet

494 1860 649 1907 Teſtanti;
670 1869 706 1907 7.
727 1867 787 1899 aut
807 1862 953 1909 patrium
972 1862 1090 1912 polluat
1118 1863 1178 1913 ipſe
1198 1867 1347 1904 thorum.

420 1905 455 1947 8.
468 1909 596 1945 Carcere
613 1908 653 1944 nî
668 1907 808 1947 redimat
829 1907 999 1952 clauſum,
1018 1918 1054 1957 9.
1079 1913 1132 1946 vel
1151 1911 1190 1947 ab
1208 1913 1286 1959 hoſte
1311 1920 1493 1957 retentum,

490 1969 551 1997 10.
566 1962 602 1996 Si
612 1973 733 1998 curam
752 1966 893 1998 amentis
913 1964 1045 2011 ſpernat
1066 1964 1179 2001 habere
1196 1967 1313 2014 patris.

419 2019 478 2049 11.
493 2013 528 2046 Si
545 2010 633 2047 colat
645 2012 824 2055 hæreticos,
848 2019 906 2049 12.
931 2010 1136 2062 magicásque
1153 2025 1299 2053 exerceat
1312 2024 1414 2058 artes,

492 2064 598 2100 Natus
611 2063 644 2104 ſi
660 2064 805 2100 mimus,
831 2072 891 2106 14.
899 2064 974 2106 filia
996 2067 1031 2104 ſi
1031 2067 1209 2106 meretrix.

249 2098 339 2135 Oƈto
360 2102 439 2138 ſunt
463 2106 605 2143 cauſæ,
628 2112 775 2149 propter
796 2112 883 2147 quas
914 2107 1054 2150 poſſunt
1079 2117 1244 2155 parentes
1273 2107 1489 2148 exhæredari
1512 2108 1533 2148 à
1556 2111 1646 2151 libe-

242 2158 307 2197 ris,
331 2156 391 2192 cit.
414 2163 467 2196 N.
480 2161 516 2194 C.
534 2167 569 2204 4.
625 2158 826 2205 Coegimus
847 2160 883 2196 &
902 2161 967 2197 has
991 2162 1112 2200 cauſas
1135 2165 1175 2201 in
1193 2163 1423 2203 verſiculos:

411 2204 464 2239 Sit
479 2211 573 2249 pater
594 2207 751 2245 exhares,
776 2212 807 2240 I.
825 2213 949 2242 natum
960 2207 1165 2251 accuſando,
1185 2217 1220 2243 2.
1239 2208 1388 2252 ſtruendo

490 2242 623 2290 Inſidias
637 2251 745 2300 vita;
754 2253 810 2286 vel
824 2260 855 2297 3.
874 2252 1073 2290 maculando
1097 2263 1226 2292 torum.

413 2303 450 2343 Si
462 2301 590 2345 teſtanti
606 2301 724 2349 obſtet
736 2312 771 2348 5.
781 2313 933 2350 captum,
954 2304 984 2342 6.
1009 2314 1242 2354 amentemque
1263 2306 1461 2359 relinquat;

485 2352 645 2401 Inſidians
663 2358 785 2402 matri,
800 2356 836 2398 8.
852 2359 905 2397 vel
915 2361 1009 2408 ſacra
1021 2355 1113 2409 falſa
1132 2357 1247 2399 colens.
