1738 2635
173 693 252 726 2453
279 692 319 716 La
336 692 476 728 Semaine,
499 702 533 720 ou
553 695 683 724 Creation
696 695 733 723 du
753 698 862 730 Monde,
876 700 915 725 du
938 704 973 727 Sr.
984 704 1062 730 Chri-

251 730 330 770 ſtofle
338 733 370 761 de
378 737 592 770 Gamon,contre
603 738 667 764 celle
674 744 711 764 du
718 741 757 768 Sr.
763 739 928 778 duBartas,
924 745 999 779 Lyon,
1005 754 1060 773 1609

172 780 257 815 2454
281 780 316 805 Le
327 778 417 807 même
430 780 524 816 Livre,
539 785 660 810 Geneve,
670 786 726 815 1609

173 821 256 856 2455
278 818 439 860 Angelique,
449 824 648 853 Continuation
666 823 810 862 d'Arioſte,
820 833 878 861 par
894 829 918 855 Ie
927 831 969 856 Sr.
985 831 1016 857 de
1034 832 1061 861 la

257 866 368 900 Roque,
386 868 450 895 Par.
460 875 515 898 1593

170 901 255 932 2456
277 901 329 923 Les
339 906 460 925 Amours
472 906 505 924 de
526 900 620 928 Thalie,
632 908 676 936 par
687 901 715 926 le
724 904 762 927 Sr.
773 901 809 930 du
822 905 925 936 Maine,
938 910 973 934 ib.
985 917 1061 936 1606

169 945 254 981 2457
275 943 362 984 Moyſe
369 944 473 983 ſauvé,
480 946 555 980 Idyle
569 946 697 984 heroique
711 948 750 974 du
758 950 799 979 Sr.
808 951 840 979 de
853 952 932 980 Saint
942 954 1060 987 Amant,

251 988 348 1025 Leyde,
365 982 464 1026 1654

166 1025 251 1059 2458
275 1026 317 1050 Le
333 1025 427 1053 même
444 1028 540 1054 Livre,
555 1025 640 1063 Amſt.
661 1024 733 1062 1664

165 1069 250 1102 2459
276 1065 381 1099 Alaric,
396 1077 430 1096 ou
443 1073 525 1097 Rome
543 1070 680 1107 vaincuê,
694 1074 790 1101 Poëme
807 1073 938 1111 heroique
953 1079 986 1101 de
1003 1086 1061 1110 Mr.

252 1111 286 1140 de
295 1109 432 1148 Scudery,
448 1104 533 1148 Haye,
550 1112 622 1148 1685

165 1148 250 1187 2460
271 1153 313 1178 La
324 1150 438 1182 Pucelle,
453 1163 484 1181 ou
497 1152 527 1181 la
544 1156 649 1182 France
663 1152 799 1192 delivrée,
815 1161 912 1186 Poëme
927 1162 1059 1198 heroique

251 1196 287 1225 de
294 1195 520 1241 Mr.Chapelain,
520 1198 627 1240 ſuiv.la
637 1201 715 1244 Copie
725 1201 756 1229 de
767 1206 860 1232 Paris,
871 1209 953 1239 1656.
964 1214 1001 1251 ab
1002 1214 1059 1243 fig.

163 1231 245 1273 2461
270 1236 350 1266 Saint
360 1239 455 1276 Louys,
472 1249 506 1267 ou
518 1243 546 1267 la
554 1240 651 1280 ſainte
663 1248 805 1271 Couronne
818 1258 1003 1293 reconquiſe,
1000 1263 1059 1297 Poe-

251 1290 295 1309 me
303 1278 430 1323 heroique
450 1284 482 1313 du
491 1287 589 1315 Pierre
598 1289 623 1315 le
634 1287 755 1323 Moyne,
765 1296 830 1316 Par.
840 1299 925 1322 1638.
949 1301 1056 1350 av.fig.

161 1321 245 1365 2462
267 1325 479 1365 Charlemagne,
490 1333 583 1359 Poëme
601 1333 734 1370 heroyque
749 1340 783 1359 de
797 1342 884 1371 Louys
909 1345 935 1362 Ie
951 1347 1058 1364 Labou-

248 1382 324 1408 reur,
343 1377 381 1406 ib.
390 1378 466 1412 1664

161 1409 246 1451 2463
269 1415 310 1442 La
331 1413 453 1455 Religion
478 1417 512 1450 &
530 1418 562 1447 Ia
586 1420 687 1455 Grace,
701 1422 812 1449 Poëmes
823 1425 860 1450 de
871 1432 927 1454 Mr.
938 1432 1056 1461 Racine,

246 1463 356 1494 T.1.11.
381 1460 466 1501 Amſt.
476 1470 557 1497 1744.
580 1468 607 1495 r.

160 1497 247 1535 2464
268 1494 378 1527 L'Alleé
395 1497 429 1527 de
445 1500 473 1529 Ia
496 1506 639 1540 Seringue,
657 1505 757 1529 Poëme
776 1506 983 1543 heroſatyrique
1001 1520 1059 1567 (de

247 1547 306 1576 Mr.
317 1546 441 1588 Euſtach.
449 1549 476 1579 le
485 1548 604 1585 Noble,)
618 1547 817 1585 Francheville,
828 1558 893 1587 1691.
948 1560 1057 1586 L'Ecole

245 1589 293 1618 des
306 1590 394 1628 Sages,
404 1592 541 1631 Dialogue
558 1593 624 1622 1.11.
642 1590 708 1633 (par
724 1593 749 1622 Ie
769 1594 882 1635 même,)
895 1601 958 1629 Par,
977 1606 1056 1637 1692.

244 1630 390 1674 Triomphe
397 1635 431 1663 de
440 1635 522 1668 Mad.
530 1636 770 1670 Des  - Houlieres,
789 1638 826 1668 ib.
835 1645 919 1678 1694.
941 1641 1000 1679 Frh.

156 1671 241 1714 2465
262 1675 404 1716 Principes
419 1677 453 1707 de
474 1673 660 1719 Philoſophie,
677 1686 733 1721 par
750 1685 810 1712 Mr.
822 1682 922 1711 l'Abbe
940 1689 1054 1722 Geneſt,

243 1719 319 1759 Amſt
341 1728 414 1758 1717

153 1760 300 1799 2466.67
312 1758 460 1791 L'Homere
468 1762 597 1802 traveſti,
606 1764 641 1794 ou
648 1763 758 1794 l'Iliade
764 1777 799 1793 en
807 1775 871 1795 vers
881 1765 1054 1807 burlesques,

244 1808 314 1839 (par
332 1807 496 1845 Marivaux,)
517 1814 538 1839 T.
553 1812 612 1841 I.II
628 1815 685 1840 Par
705 1816 772 1846 1716.
795 1813 870 1845 Voll.
888 1816 920 1842 II.
944 1814 1054 1855 Englb.

152 1845 238 1887 2468
261 1851 282 1879 I.
292 1850 364 1883 Faſc,
374 1851 493 1886 diverſer
510 1850 622 1893 Frantz.
639 1851 761 1888 Poëſien,
780 1855 810 1890 6.
822 1855 880 1891 St.

153 1877 249 1928 2469.
270 1894 315 1927 70
334 1892 373 1920 Le
387 1889 505 1920 Theatre
518 1891 565 1918 des
576 1897 668 1920 Grecs,
683 1903 739 1929 par
753 1900 780 1921 le
789 1905 820 1924 P.
834 1905 969 1964 Brumoy,
986 1937 1003 1963 T
1024 1937 1054 1965 I⸗

240 1944 287 1974 VI.
307 1942 394 1983 Amſt.
420 1939 510 1982 1732.
535 1945 600 1982 Voll.
617 1948 655 1978 II.

152 1995 247 2031 2471.
274 1984 316 2031 72
337 1996 460 2023 Oeuvres
476 1994 509 2024 de
515 1994 642 2036 (Pierre
636 1990 675 2037 &
685 1995 814 2051 Thomas)
825 2015 978 2057 Corneille,
993 2024 1054 2054 P.I.

237 2043 288 2073 III.
308 2043 348 2074 IV.
372 2044 440 2073 Par.
469 2043 554 2082 1657.
578 2043 655 2077 Voll.
668 2048 701 2077 II.

152 2092 308 2133 2473⸗75
330 2094 367 2121 Le
377 2091 497 2124 Theatre
506 2095 539 2123 de
549 2098 578 2129 P.
587 2092 749 2133 Corneille,
759 2102 788 2131 P.
800 2100 822 2130 I.
833 2103 868 2131 II.
879 2106 928 2133 III.
939 2110 1054 2141 (Amſt)

243 2135 333 2172 1664.
355 2144 404 2165 av.
419 2130 470 2180 fig.
488 2135 570 2171 Voll.
581 2140 628 2172 I.I.
651 2138 724 2183 Frb.

151 2187 238 2227 2476
262 2191 310 2223 Du
326 2187 417 2222 même
433 2192 518 2221 Livre
534 2195 565 2226 P.
577 2195 599 2222 I.
624 2191 660 2222 ib.
692 2198 776 2230 1709.
798 2210 846 2225 av.
858 2204 906 2233 fig.
930 2205 977 2233 gb.

150 2237 236 2277 2477
257 2242 309 2270 Les
324 2240 467 2282 Tragedies
483 2240 517 2273 &
533 2240 674 2272 Comedies
690 2246 724 2274 de
752 2252 796 2277 Th.
805 2254 965 2281 Corneille,
981 2262 1053 2277 Par-

237 2294 278 2317 tie
295 2279 336 2319 II.
348 2288 417 2331 (ib.)
443 2285 529 2328 1665.
555 2296 606 2326 92.
627 2289 715 2331 (his).
