2380 2869
751 482 898 543 magni
931 478 1099 528 moduli
1131 472 1378 522 referendus
1407 471 1476 516 eſt.
1540 468 1707 511 PLINIUS
1737 461 1825 505 Lib.
1851 474 1890 508 5.
1921 459 1966 501 in
1991 455 2144 499 Caria:

754 538 979 584 Antiochia
1006 557 1125 570 ----
1142 542 1247 572 nunc
1267 541 1352 568 eam
1374 524 1654 581 circumfluunt
1667 521 1895 568 Mæander,
1925 520 1951 555 &
1968 518 2143 561 Orſinus.

756 604 808 647 In
829 601 970 646 numis
989 596 1116 651 hujus
1135 588 1386 637 Antiochiæ
1400 587 1529 630 etiam
1551 582 1704 627 fluvius
1717 579 1949 632 inſcriptus
1965 575 2148 625 legitur:

758 667 1047 711 ΜΑΙΑΝΔΡΟϹ.
1077 660 1121 704 &
1142 657 1408 701 ΜΕΑΝΔΡΟϹ.
1465 649 1516 693 R.
1539 648 1584 692 P.
1606 638 1857 688 Harduinus
1879 643 2061 679 numum
2085 629 2148 675 M.

762 719 928 766 Aurelii
959 712 1120 764 adfert,
1151 719 1278 764 quem
1307 705 1424 762 apud
1452 705 1502 752 R.
1533 704 1575 747 P.
1602 697 1866 746 Charronier
1884 693 1926 735 S.
1944 692 1982 745 J.
1998 690 2150 743 depre-

761 771 991 826 henderat,
1005 770 1067 814 ita
1078 764 1356 821 inſcriptum:
1373 764 1510 810 ΖϵΥϹ.
1522 755 1848 807 ΚΑΠΙΤΟΛΙϵΥϹ.
1863 749 2151 798 ΑΝΤΙΟΧϵΩΝ.

763 836 817 881 In
844 830 989 877 noſtro
1013 840 1117 873 vero
1147 821 1364 882 perſpicue
1390 818 1730 870 ΚΑΠϵΤΟΛΙϵΥϹ.
1789 806 1875 853 Etſi
1895 806 2050 861 Jovem
2073 803 2154 844 Ca-

766 885 1027 948 pitolinum,
1061 883 1267 928 Romano
1289 878 1335 922 in
1352 870 1582 931 Capitolio
1602 867 1869 913 venerationi
1892 862 2152 917 expoſitum,

767 955 928 996 exteræ
942 946 1071 990 etiam
1082 938 1232 993 urbes,
1257 931 1467 981 Romanis
1487 940 1563 975 aut
1582 927 1781 980 ſociatæ,
1799 930 1876 966 aut
1887 920 2069 966 ſubditæ
2083 927 2158 958 co-

767 1003 929 1057 lerent;
940 1008 1087 1047 tamen
1098 992 1347 1043 Antiochiæ
1361 990 1499 1036 Cariæ
1509 983 1742 1043 Templum
1751 984 1883 1024 etiam
1895 980 2017 1032 Jovis
2027 975 2161 1030 Capi-

770 1063 899 1112 tolini
917 1060 1060 1113 fuiſſe,
1091 1070 1142 1102 ex
1160 1048 1414 1110 fragmentis
1430 1046 1539 1091 LIVII
1558 1042 1646 1088 Lib.
1661 1056 1725 1094 41.
1739 1053 1773 1080 c.
1784 1051 1844 1078 20.
1877 1034 2161 1092 probabiliter

772 1118 1021 1176 colligitur;
1052 1115 1128 1162 ubi
1144 1113 1197 1158 de
1210 1110 1355 1157 Perſeo
1368 1102 1484 1161 Rege
1495 1110 1652 1158 agens,
1673 1099 1748 1153 qui
1764 1096 2020 1140 Græcorum
2035 1092 2162 1133 urbes

774 1175 928 1229 donis,
958 1174 1004 1219 &
1026 1168 1231 1228 promiſſis
1256 1162 1530 1217 ſolicitabat,
1559 1157 1656 1203 hæc
1680 1156 1838 1199 habet:
1892 1156 1928 1192 Et
1938 1148 2164 1191 Antiochiæ

766 1235 883 1289 Jovis
916 1228 1136 1288 Capitolini
1166 1220 1419 1281 magnificum
1449 1216 1675 1273 Templum,
1705 1228 1780 1251 non
1809 1214 2045 1264 laqueatum
2064 1218 2164 1242 auro

777 1298 964 1342 tantum,
972 1285 1054 1340 ſed
1063 1284 1290 1342 parietibus
1310 1281 1408 1320 totis
1425 1275 1577 1316 lamina
1597 1277 1851 1322 inauratum,
1882 1268 1908 1307 &
1934 1268 2024 1303 alia
2036 1264 2165 1300 multa

778 1352 822 1390 in
847 1347 947 1390 aliis
965 1344 1061 1386 locis
1077 1339 1304 1400 pollicitus,
1335 1336 1437 1391 quia
1449 1330 1639 1387 perbreve
1654 1338 1803 1380 tempus
1821 1331 1909 1372 ejus
1925 1327 2049 1376 Regni
2054 1322 2166 1366 fuit,

779 1424 856 1452 non
868 1407 1046 1467 perfecit.
1106 1404 1211 1448 Non
1233 1394 1474 1458 perfeciſſe,
1494 1389 1690 1445 indicat,
1710 1384 1890 1433 affeciſſe
1914 1382 2061 1427 ſaltem
2078 1379 2169 1420 hoc

781 1475 918 1520 opus,
952 1460 1073 1517 quod
1095 1456 1253 1505 deinde
1272 1452 1518 1500 abſolutum
1541 1446 1681 1492 fuerit.
1760 1441 2047 1485 Antiochiam
2067 1445 2170 1477 vero

782 1511 901 1566 hanc
923 1517 1061 1563 Cariæ
1080 1511 1224 1566 fuiſſe,
1253 1515 1408 1565 præter
1431 1511 1664 1548 numorum
1684 1500 1976 1552 epigraphen,
2008 1496 2053 1531 id
2073 1504 2172 1542 pro-

784 1582 931 1630 babile
969 1577 1139 1625 reddit:
1181 1571 1300 1629 quod
1323 1568 1451 1614 Caria
1475 1560 1723 1610 viciniſſima
1745 1554 1877 1603 fuerit
1899 1554 2172 1598 Macedoniæ

785 1653 838 1684 ex
857 1639 908 1682 iis
929 1632 1203 1692 regionibus,
1234 1638 1331 1685 quæ
1348 1619 1630 1671 Antiochiam
1646 1628 1737 1661 non
1753 1612 2013 1661 incelebrem
2032 1611 2175 1651 conti-

786 1708 953 1745 nerent.
1022 1694 1195 1746 Atque,
1225 1685 1345 1745 quod
1374 1685 1471 1743 plus
1495 1679 1707 1727 momenti
1735 1675 1895 1721 habet:
1933 1672 2061 1715 Caria
2080 1677 2176 1709 tum

788 1751 977 1803 Rhodiis
998 1749 1206 1805 parebat,
1235 1739 1394 1799 quibus
1417 1738 1511 1797 poſt
1530 1734 1696 1782 Bellum
1719 1731 2034 1775 Antiochicum
2055 1727 2175 1772 data,

791 1816 838 1861 &
863 1813 954 1870 poſt
976 1809 1173 1856 Perſeum
1200 1801 1463 1849 debellatum
1484 1795 1691 1851 adempta
1710 1790 1793 1842 eſt,
1824 1790 1929 1831 teſte
1948 1788 2070 1828 LIVIO
2089 1785 2181 1825 Lib.

792 1883 864 1920 45.
887 1867 933 1914 &
948 1867 1132 1911 APPIANO
1150 1864 1196 1902 in
1221 1860 1366 1915 Syriac.
1433 1850 1636 1899 Rhodios
1659 1858 1761 1892 vero
1779 1858 1805 1890 a
1826 1847 1976 1889 Perſeo
1995 1841 2183 1883 muneri-

793 1927 876 1972 bus
894 1922 1127 1981 plurimum
1153 1922 1346 1963 tentatos
1363 1911 1506 1965 fuiſſe,
1526 1909 1666 1953 LIVIUS
1680 1907 1769 1947 Lib.
1786 1921 1847 1953 41.
1860 1920 1891 1941 c.
1903 1915 1960 1938 20.
1983 1904 2045 1937 ita
2063 1908 2184 1936 enar-

796 1993 889 2027 rat:
916 1978 1085 2025 Rhodiis
1104 1974 1215 2019 nihil
1232 1985 1353 2013 unum
1367 1969 1538 2025 inſigne,
1566 1962 1629 2005 ita
1643 1968 1765 2002 omnis
1768 1966 1944 2014 generis,
1966 1971 2012 1991 ut
2023 1970 2186 2007 quæque

797 2053 928 2083 eorum
942 2038 1037 2092 uſus
1044 2030 1372 2090 poſtulaverunt,
1392 2027 1495 2068 dona
1515 2023 1640 2070 dedit.
