2631 3075
436 489 500 538 De
520 486 614 532 iure
641 473 813 537 teſtandi
831 461 1065 516 vnientibus
1090 456 1175 517 poſt
1202 451 1353 500 initam
1380 441 1518 490 vnion.
1540 435 1626 486 &c.

1674 442 1718 478 11

460 579 513 637 §.
525 591 577 624 24.
592 570 725 612 debilem
758 563 804 606 &
830 553 1053 611 imperfectam
1085 543 1260 588 admodum
1291 538 1480 587 adoptionis
1509 544 1583 570 cum
1609 535 1725 562 vnione

459 635 598 684 prolium
627 617 896 672 comparationem
922 602 998 662 eſſe
1014 606 1135 644 adſerit.
1202 598 1360 640 Faceſſant
1391 592 1491 638 igitur
1514 588 1723 632 quæſtiones:

465 695 572 724 vtrum
590 671 809 725 ſexagenarius
827 665 981 702 vnionem
998 655 1141 705 prolium
1157 650 1238 689 inire
1257 642 1368 693 poſſit,
1392 644 1501 675 vtrum
1517 636 1637 670 femina
1653 632 1724 663 vni-

464 749 501 776 re
525 731 647 775 valeat,
683 729 794 763 vtrum
832 718 917 755 inter
942 711 1053 750 vnitos
1080 700 1324 744 matrimonium
1351 690 1490 731 ſubſiſtat
1518 688 1552 722 &
1580 687 1727 719 ſexcenta

468 791 540 830 alia.
598 786 712 836 Quum
735 780 845 811 autem
868 766 958 806 ideae
980 759 1142 812 oppoſitae
1164 757 1206 793 de
1229 755 1260 789 ſe
1283 746 1423 786 inuicem
1454 742 1578 777 tantum
1614 741 1731 779 negen-

470 848 526 881 tur
551 836 724 876 ſecundum
744 832 847 866 totam
875 817 1086 861 intenſionem
1108 808 1299 854 collectiue,
1336 810 1403 838 non
1425 805 1506 835 vero
1529 787 1732 830 diſtributiue

473 890 633 939 ſumtam;
671 888 705 922 in
732 888 800 916 vno
827 874 971 912 alteroue
1002 863 1157 904 vnionem
1182 856 1323 904 prolium
1353 858 1427 885 cum
1454 840 1629 891 adoptione
1658 845 1734 871 con-

474 946 587 986 uenire
614 935 734 979 inficias
762 941 828 967 non
853 925 981 966 iuerim.
1030 917 1130 956 Certe
1153 917 1344 951 RICKIVS
1373 904 1419 938 cit
1452 906 1497 933 tr.
1512 906 1540 929 c.
1549 906 1581 938 9.
1604 887 1735 938 triginta

478 1003 544 1035 tres
565 992 736 1031 articulos,
769 983 804 1019 in
822 977 942 1024 quibus
968 963 1252 1015 conuenientiam,
1275 962 1372 1004 atque
1398 946 1580 997 quindecim
1607 947 1739 979 enume-

479 1053 548 1092 rat,
570 1046 605 1082 in
623 1041 743 1090 quibus
762 1024 1071 1074 disconuenientiam
1101 1013 1343 1066 deprehendere
1366 1007 1425 1046 ſibi
1447 1004 1532 1043 viſus
1550 998 1606 1036 eſt.

988 1125 1030 1188 §.
1061 1123 1156 1177 VII.

515 1217 620 1270 Vnio
641 1208 825 1273 prolium
834 1196 1034 1263 ſubſiſtit,
1067 1182 1337 1250 quantumuis
1358 1178 1512 1224 decreto
1542 1167 1746 1228 magiſtra-

385 1286 460 1322 tus
479 1271 601 1329 atque
622 1258 807 1320 conſenſu
822 1256 1152 1311 propinquorum
1172 1250 1373 1296 quatenus
1385 1236 1540 1285 nullum
1553 1232 1619 1276 ius
1634 1234 1744 1284 quae-

376 1338 515 1391 ſitum
551 1323 646 1383 ipſis
673 1319 873 1365 euertitur
902 1305 1067 1355 munita
1089 1312 1172 1344 non
1185 1298 1260 1350 ſit.
1321 1299 1432 1345 Vnio
1455 1291 1636 1349 prolium
1653 1283 1746 1338 effe-

386 1390 507 1438 ctum
539 1383 659 1430 ſuum
701 1372 828 1423 valori
852 1365 1082 1428 pactorum
1129 1346 1463 1403 ſucceſſoriorum
1498 1338 1752 1399 adquiſitiuo-

392 1461 485 1496 rum
510 1452 724 1486 acceptum
752 1438 837 1489 fert
856 1433 903 1496 (§.
923 1448 952 1494 4.
976 1429 1019 1478 &
1040 1420 1212 1480 Schol).
1267 1408 1351 1458 Sed
1375 1401 1510 1451 valida
1534 1397 1627 1443 ſunt
1652 1392 1750 1441 eius-

395 1508 513 1566 modi
542 1503 680 1567 pacta,
718 1497 812 1545 licet
834 1489 947 1540 nulla
981 1481 1148 1547 publica
1180 1470 1434 1534 magiſtratus
1460 1455 1669 1511 adceſſerit
1689 1452 1755 1499 ad-

396 1571 590 1635 probatio
610 1561 770 1628 (Schol.
795 1557 848 1603 ad
862 1554 901 1613 §.
916 1550 988 1608 1.).
1045 1539 1279 1604 Quumque
1309 1527 1469 1580 vnionis
1489 1519 1669 1585 prolium
1685 1526 1758 1560 re-

402 1625 548 1696 quiſita
584 1635 637 1669 ex
667 1610 898 1675 adoptionis
929 1600 1161 1660 conceptu,
1196 1595 1400 1649 quatenus
1426 1581 1490 1629 eſt
1524 1570 1770 1637 adoptionis,

388 1677 631 1745 haurienda
653 1689 737 1725 non
757 1670 836 1718 ſint
845 1666 908 1727 (§.
921 1662 1007 1724 6.);
1036 1657 1133 1704 vnio
1148 1648 1328 1713 prolium
1358 1643 1480 1690 etiam
1508 1638 1666 1693 absque
1687 1640 1770 1671 ma-

411 1745 599 1810 giſtratus
621 1731 917 1797 adprobatione
936 1721 1072 1774 valida
1089 1718 1161 1765 eſt.
1217 1710 1324 1759 Non
1342 1702 1472 1764 igitur
1493 1706 1602 1758 opus
1625 1689 1704 1751 eſt,
1726 1699 1775 1733 vt

419 1796 592 1849 ſubſiſtat
615 1791 790 1839 demum
802 1784 972 1827 decreto
1001 1768 1272 1828 magiſtratus.

1753 1173 1807 1223 Ad
1818 1173 1965 1221 vnionem

1754 1226 1894 1277 prolium
1907 1228 1969 1254 non

1763 1281 1944 1331 requiritur

1760 1329 1928 1371 decretum

1763 1381 1980 1439 magiſtratus

1761 1421 1986 1484 conſenſusque

1766 1485 1959 1540 propinquo-

1769 1552 1857 1579 rum.

544 1872 760 1939 Conſenſu
784 1869 1122 1933 propinquorum
1150 1878 1222 1912 aut
1255 1861 1353 1908 ideo
1381 1866 1488 1913 opus
1517 1845 1634 1906 eſſet,
1662 1844 1784 1902 quod

392 1958 460 2002 in
491 1944 674 2011 ipſorum
699 1929 990 1996 praeiudicium
1019 1934 1197 1981 vergere
1221 1918 1339 1976 poſſit
1360 1921 1485 1964 vnio,
1512 1915 1585 1950 aut
1608 1915 1654 1948 vt
1677 1902 1785 1945 cauſ-

424 2011 489 2055 ſae
511 1993 790 2050 vniendorum
808 1983 1037 2036 liberorum
1065 1992 1116 2025 eo
1144 1973 1365 2026 conſultius
1387 1968 1450 2014 ſit.
1504 1962 1587 2008 Sed
1621 1962 1788 2004 nullum

426 2069 537 2117 adeſt
567 2067 630 2110 ius
662 2049 915 2117 quaeſitum,
957 2038 1075 2101 quod
1108 2032 1205 2079 inita
1230 2028 1383 2075 vnione
1411 2027 1668 2067 euerteretur
1698 2024 1792 2067 (per

426 2119 642 2189 hypoth.).
668 2103 839 2180 Quam
862 2110 918 2156 ob
946 2115 1035 2153 rem
1056 2094 1184 2157 priori
1204 2090 1298 2138 caſu
1317 2077 1511 2132 conſenſu
1537 2081 1794 2135 propinquo-

430 2177 528 2229 rum
542 2189 655 2235 opus
674 2184 759 2219 non
785 2169 858 2214 eſt.
916 2160 1071 2216 Neque
1101 2148 1314 2209 poſteriori
1342 2140 1433 2191 caſu
1460 2140 1665 2188 conſenſui
1701 2145 1798 2189 pro-

433 2232 691 2302 pinquorum
719 2224 949 2289 quidquam
976 2212 1161 2265 dandum
1188 2208 1258 2256 eſt.
1333 2198 1539 2262 Legitima
1569 2200 1676 2242 enim
1702 2199 1799 2246 por-

438 2303 494 2355 tio
525 2305 653 2352 atque
675 2292 741 2335 ius
768 2278 998 2343 quaeſitum
1035 2274 1103 2320 vel
1130 2267 1264 2319 liberis
1299 2262 1456 2314 ſaluum
1478 2259 1561 2312 eſt,
1606 2255 1671 2295 vel
1701 2260 1801 2294 non.

441 2359 518 2410 Illo
540 2355 581 2399 in
612 2346 705 2395 caſu
730 2331 1060 2402 ſuperuacaneus
1081 2331 1137 2379 eſt
1166 2327 1238 2376 iſte
1254 2319 1466 2373 conſenſus
1491 2316 1547 2370 (§.
1561 2321 1598 2368 4.
1623 2311 1649 2354 &
1665 2311 1805 2355 Schol.

443 2417 495 2465 ad
507 2412 551 2471 §.
569 2410 643 2468 1.):
683 2403 767 2452 hoc
797 2408 899 2448 vero
919 2390 1021 2441 nihil
1041 2391 1250 2449 operatur.

1131 2493 1158 2532 B
1188 2502 1209 2531 2

1702 2469 1804 2511 Com-
