1894 2659
716 2231 762 2293 Z
762 2231 805 2293 3

1112 2224 1234 2273 Com-

1201 362 1282 412 357

239 464 291 494 tet
310 457 422 494 ſolum
447 453 494 493 ad
511 465 627 503 pauca
649 454 815 504 quædam
836 455 987 492 animum
1012 455 1128 492 adhuc
1160 455 1284 492 adver-

236 517 361 549 tere.

338 605 382 659 i)
416 603 626 655 Squammæ
646 606 716 643 iſtæ
736 607 831 643 inter
856 606 997 642 arteriæ
1021 606 1158 641 tunicas
1183 615 1284 650 repe-

234 658 291 697 riri
314 657 440 695 ſolent.
492 658 537 706 2)
560 654 672 694 Adeo
699 656 883 703 aſperam,
912 657 984 693 imo
1018 656 1051 693 &
1081 657 1282 693 aculeatam

233 711 429 757 aliquando
449 708 582 748 habent
602 709 845 756 ſuperficiem,
885 714 945 749 ut,
983 710 1083 755 quod
1106 709 1286 748 Brunner.

236 765 272 801 in
288 773 394 801 aorta
415 765 464 801 ſui
487 764 601 802 ſoceri
621 765 797 812 eveniſſe,
827 765 942 801 ſcribit
975 766 1009 801 in
1045 761 1129 801 Act.
1163 763 1285 800 Acad.

236 817 371 856 Natur.
394 815 532 855 Curioſ.
552 816 587 852 in
608 813 782 862 Append.
803 817 850 852 ad
873 826 952 852 ann.
977 826 1009 863 3.
1036 814 1132 851 Dec.
1155 826 1187 859 3.
1221 820 1284 858 ut,

234 856 405 909 inquam,
431 862 525 900 oſſea
560 862 746 910 afpredine
774 863 904 910 digitos
938 863 1104 901 immiſſos
1124 862 1284 900 offende-

234 917 303 963 rit,
330 917 364 953 &
380 916 669 968 prominentibus
694 916 829 953 aculeis
852 915 1058 963 pupugerit.

300 1021 437 1063 Hinc
454 1019 528 1066 jam
551 1031 625 1057 non
648 1022 696 1058 eſt
718 1021 862 1060 difficile
881 1021 1091 1066 intellectu,
1132 1027 1288 1063 quomo-

232 1067 285 1104 do
311 1067 457 1104 oſſicula
479 1065 655 1108 ejusmodi
678 1066 768 1103 ſacci
794 1064 1070 1109 aneuryſmatici
1093 1065 1284 1103 diſtractio-

235 1121 271 1157 ni
293 1118 517 1157 occaſionem
536 1120 625 1156 dare
656 1119 796 1165 poſſint.
851 1118 943 1157 Non
975 1120 1089 1164 poteſt
1116 1119 1287 1157 videlicet

233 1173 364 1208 arteria
391 1172 437 1208 ſe
458 1169 711 1214 contrahere,
741 1169 826 1215 quin
862 1168 1090 1215 aſpredines,
1129 1170 1163 1205 &
1187 1167 1283 1217 quaſi

233 1219 385 1256 aculeos
400 1216 445 1267 in
461 1218 689 1264 adjacentem
712 1219 855 1255 arteriæ
875 1217 1033 1255 tunicam
1047 1223 1197 1263 urgeat;
1225 1226 1285 1251 ne-

234 1281 308 1316 que
332 1273 448 1318 poteſt
465 1269 613 1317 ſanguis
629 1281 651 1306 a
679 1271 793 1307 corde
819 1271 1006 1318 projectus
1033 1271 1203 1307 arteriam
1234 1271 1284 1306 di-

231 1318 372 1361 latare,
399 1316 486 1365 quin
509 1316 661 1353 eandem
678 1313 835 1354 tunicam
872 1310 919 1354 ad
952 1317 1103 1355 eosdem
1133 1318 1285 1353 aculeos

235 1375 445 1422 adprimat,
489 1373 585 1409 unde
621 1374 786 1422 profecto
817 1376 947 1411 tuneæ
987 1374 1080 1412 illius
1108 1375 1285 1412 diſtractio

235 1424 428 1470 provenire
459 1423 597 1467 debet,
623 1423 656 1459 &
687 1430 847 1469 rupturæ
869 1421 1093 1471 periculum,
1123 1423 1229 1467 quale
1249 1421 1287 1458 in

236 1476 318 1513 ſene
342 1477 375 1511 &
396 1473 542 1511 muliere
565 1484 612 1511 ex
633 1473 703 1510 hac
722 1474 825 1510 cauſa
844 1474 1054 1519 aneuryſma
1071 1475 1161 1512 vidit
1173 1474 1283 1514 Mor-

235 1532 343 1573 gagn.
359 1527 394 1563 in
415 1526 511 1574 epiſt.
536 1526 598 1568 26.
623 1538 720 1564 num.
748 1536 789 1575 15
816 1527 850 1570 &
873 1537 931 1576 17.

336 1624 459 1664 Etiam
492 1619 607 1664 nimia
636 1620 728 1661 mole
754 1617 897 1661 auctum
925 1623 1172 1670 aneuryſma,
1214 1621 1284 1660 ſive

234 1678 430 1726 cyſticum,
456 1674 528 1715 ſive
551 1675 857 1723 ecchymoticum,
884 1675 1018 1714 vicinas
1045 1682 1164 1723 partes
1186 1687 1283 1712 com-

235 1729 376 1776 primit,
416 1728 512 1767 unde
534 1730 645 1766 variæ
665 1729 885 1766 functionum
907 1727 1074 1767 læſiones
1102 1728 1284 1766 eveniunt.

235 1776 298 1817 Ab
321 1778 570 1825 aneuryſmate
589 1786 708 1815 aortæ
730 1779 963 1825 œſophagum
996 1778 1282 1825 comprimente,

235 1832 510 1881 deglutitionem
530 1834 738 1881 impeditam
762 1828 871 1877 vidit
870 1833 1073 1879 Morgagn.
1093 1833 1127 1869 &
1143 1843 1165 1868 a
1186 1844 1284 1869 com-

234 1884 358 1930 preſſis
377 1881 602 1932 pulmonibus
628 1884 672 1920 ab
692 1884 959 1929 aneuryſmate,
987 1882 1125 1921 interne
1145 1884 1179 1919 in
1202 1883 1282 1920 tho-

234 1945 318 1971 race
349 1937 494 1981 locato,
532 1934 798 1981 reſpirationem
828 1933 1070 1982 impeditam,
1106 1934 1140 1971 &
1168 1935 1283 1972 tuſſim

236 1985 319 2022 inde
349 1991 505 2032 ortam,
540 1984 720 2023 interdum
753 1984 875 2023 videre
906 1985 1008 2023 licuit
1035 1984 1069 2022 in
1101 1984 1282 2022 nonnullis

236 2040 322 2081 aliis.
