1588 2254
486 400 532 434 u.
538 401 565 434 c.
582 409 643 441 583.

491 443 527 474 e.
542 442 574 468 C.
584 443 643 473 169.

665 404 855 444 juventutem
877 406 1113 453 oppidanorum,
1130 408 1296 453 oƈtingenti
1314 411 1423 455 Agria-

659 460 737 500 nes,
762 460 791 493 &
811 463 871 496 duo
892 464 987 506 millia
1015 466 1203 500 Peneſtarum
1222 467 1423 511 Illyriorum,

661 527 679 549 a
699 518 839 552 Pleurato
860 519 927 552 inde
945 521 1043 561 m ſſi,
1061 521 1238 558 bellicoſum
1259 533 1421 566 utrumque

661 577 765 610 genus.
785 572 844 604 His
862 574 1016 607 tuentibus
1039 583 1180 613 muros,
1207 585 1300 618 quum
1324 578 1423 612 ſubire

661 627 787 661 Romani
801 629 912 660 ſumma
923 629 953 661 vi
964 631 1151 669 niterentur,
1171 641 1327 667 momento
1346 642 1422 667 tem-

660 685 743 726 poris
759 685 871 726 pariete
885 687 1048 720 sfornicum
1067 690 1187 731 perfoſſi
1208 692 1313 725 urbem
1333 699 1418 734 pate-

659 741 804 775 fecerunt.
850 743 947 785 Quod
974 744 1013 782 ſi,
1036 746 1088 785 qui
1112 747 1277 787 inrupere,
1312 749 1417 782 armati

659 798 802 836 fuiſſent,
825 799 978 842 extemplo
995 800 1135 845 cepiſſent
1163 805 1233 846 (r).
1274 807 1345 839 Hoc
1365 807 1420 841 ubi

657 852 821 897 perfeƈtum
838 853 897 888 eſſe
911 865 988 900 opus
1003 857 1150 893 militibus
1164 859 1335 894 nunciatum
1351 861 1417 901 eſt,

657 910 819 944 clamorem
828 911 940 945 alacres
955 912 1066 956 gaudio
1076 921 1199 959 repente
1214 916 1337 960 tollunt,
1349 917 1415 958 aliis

656 976 739 1011 parte
760 970 818 1002 alia
833 970 863 1003 in
883 972 986 1005 urbem
1003 971 1179 1018 inrupturis.

695 1031 761 1064 XII.
803 1031 932 1065 HOSTES
959 1030 1087 1075 primum
1117 1033 1278 1068 admiratio
1306 1035 1414 1077 cepit,

654 1084 793 1127 quidnam
816 1086 870 1120 ſibi
886 1087 1059 1131 repentinus
1079 1090 1194 1123 clamor
1214 1091 1316 1128 vellet.
1334 1093 1419 1137 Poſt-

654 1149 742 1181 quam
750 1148 848 1181 patere
858 1143 963 1176 urbem
979 1152 1122 1187 accepere
1138 1145 1272 1189 præafeƈti
1282 1147 1414 1193 præſidii

653 1202 754 1244 Pytho
770 1202 801 1235 &
820 1202 990 1245 Philippus
1006 1212 1063 1244 pro
1084 1213 1147 1243 eo,
1167 1206 1220 1247 qui
1240 1208 1412 1252 occupaſſet

654 1252 796 1299 adgredi,
821 1265 899 1299 opus
918 1258 1028 1293 faƈtum
1045 1260 1106 1294 eſſe
1121 1260 1198 1300 rati,
1226 1271 1294 1295 cum
1310 1263 1410 1299 valida

652 1321 741 1346 manu
771 1311 935 1357 Agrianum
961 1316 1197 1360 Illyriorumque
1218 1327 1409 1365 erumpunt:

651 1371 889 1413 Romanosque,
921 1371 974 1415 qui
991 1373 1043 1406 alii
1060 1374 1177 1409 aliunde
1194 1377 1317 1411 coïbant
1337 1388 1410 1411 con-

651 1428 913 1470 vocabanturque,
934 1437 969 1461 ut
978 1428 1058 1472 ſigna
1070 1432 1102 1464 in
1115 1432 1220 1466 urbem
1236 1435 1404 1472 inferrent,

650 1484 865 1529 incompoſitos
880 1496 969 1530 atque
988 1488 1176 1523 inordinatos
1191 1492 1314 1533 fugant,
1342 1502 1408 1533 per-

650 1540 869 1585 ſequunturque
884 1546 921 1576 ad
936 1546 1069 1578 foſſam:
1088 1547 1121 1577 in
1134 1555 1223 1588 quam
1233 1549 1406 1593 compulſos

1316 1607 1407 1640 ruina

685 1667 743 1705 (r)
765 1667 857 1696 Nullos
871 1667 991 1703 inrupiſſe
1007 1669 1068 1698 ſatis
1086 1668 1183 1700 conflat
1204 1681 1239 1701 ex
1262 1673 1328 1710 Cap.
1350 1673 1405 1707 ſeq.

649 1711 741 1744 Neque
761 1718 871 1747 inermes
883 1716 909 1742 id
936 1711 1037 1739 fuiſſent
1054 1713 1118 1746 auſi,
1136 1718 1189 1747 niſi
1205 1713 1236 1753 ſi
1252 1725 1317 1751 quos
1341 1716 1402 1743 vitæ

646 1767 747 1790 tædium
766 1753 881 1790 cepiſſet.
900 1756 976 1783 Forte
990 1756 1032 1791 qui
1046 1759 1225 1794 inrumperent,
1241 1760 1291 1789 hoc
1309 1761 1401 1790 ſenſu:

646 1811 666 1838 ſi
683 1803 771 1837 præſto
783 1809 884 1838 fuiſſent
896 1803 1000 1836 armati,
1014 1805 1058 1840 qui
1070 1806 1247 1844 inrumperent
1262 1809 1289 1837 in
1303 1809 1400 1839 urbem,

646 1849 777 1884 extemplo
797 1863 853 1883 eam
870 1848 1004 1889 cepiſſent.
