2683 3126
983 615 1144 669 Th.XLV.

981 667 1022 701 Ut
1038 675 1134 704 autem

1003 912 1092 952 Theſ.

974 977 1113 1016 XLVII.

975 1026 1123 1066 Simplex.

1003 1064 1124 1121 Theſ.

974 1135 1130 1173 XLVIII.

973 1183 1128 1227 Interpre-

975 1227 1066 1252 tatio.

972 1382 1095 1444 Theſ.

973 1450 1093 1485 XLIX.

970 1487 1126 1532 Interpre-

969 1544 1062 1583 tatio.

974 1591 1031 1624 Th.
1047 1594 1083 1624 L.

968 1636 1127 1678 Adhiben-

969 1695 1061 1742 da.

1281 624 1370 661 Facti
1373 626 1532 672 ſpecies.)
1581 631 1637 663 An
1658 639 1741 664 vero
1754 623 1857 685 Judex
1871 629 1989 687 factum
2016 636 2167 686 ſupplere
2183 639 2303 689 poſſit?
2325 653 2390 678 nes

1151 688 1267 708 gatur,
1283 667 1350 702 hoc
1364 672 1509 717 pertinet
1524 672 1568 708 ad
1580 678 1654 720 jura
1669 676 1830 726 partium,
1847 681 1969 719 diſcere
1985 689 2071 721 illud
2088 690 2187 721 debet
2202 703 2221 719 a
2231 697 2388 739 partibu-

1149 731 1223 755 non
1245 720 1386 763 docere,
1404 721 1482 758 alias
1491 723 1522 760 ſe
1538 718 1619 771 facit
1638 719 1818 782 ſuſpectum,
1836 729 1924 767 fallit
1942 738 1979 768 in
1994 742 2050 784 pia
2068 742 2225 778 cauſa,
2198 754 2233 789 ut
2244 749 2280 775 &
2296 751 2379 778 miſe

1149 763 1305 803 rabilium
1334 766 1576 818 perſonarum;
1618 767 1701 808 item
1732 773 1762 808 ſi
1785 774 1913 812 factum
1932 792 1975 813 ex
2006 793 2087 819 actis
2123 800 2301 841 notorium
2330 803 2391 845 eſt.

1149 822 1204 865 Jus
1221 817 1370 869 ſupplere
1389 820 1500 860 debet.
1514 827 1698 864 Brunnem.
1712 827 1758 862 ad
1775 829 1838 868 Tit.
1853 832 1895 865 ut
1904 842 1980 877 quæ
1987 839 2099 880 deſunt
2124 846 2293 876 Advocatis
2307 861 2390 887 par-

1149 874 1232 910 tium
1247 873 1354 921 Judex
1372 876 1530 926 ſuppleat.

1280 918 1419 965 Dabitur
1439 922 1572 974 locus.)
1621 921 1832 974 Tutiſſimum
1856 940 1975 979 tamen
1992 945 2058 979 eſt
2072 928 2311 989 Magiſtratum
2333 971 2387 1000 re-

1149 976 1286 1015 ſcribere
1301 979 1345 1013 ad
1365 981 1555 1019 Dominum
1571 982 1752 1026 territorii,
1767 996 1813 1024 ne
1826 987 1986 1025 videatur
1998 988 2112 1038 legem
2119 1001 2299 1040 corrigere.

1260 1031 1478 1081 Extenſiva.)
1531 1036 1690 1073 Occurrit
1709 1038 1785 1074 hæc
1797 1040 1832 1075 in
1860 1044 1944 1078 SCto
1960 1042 2082 1092 Vellej.
2102 1051 2217 1094 quod,
2241 1055 2319 1087 licet
2341 1056 2385 1087 de

1149 1068 1410 1121 fidejuſſionibus
1430 1079 1608 1124 loquatur,
1623 1092 1748 1115 tamen
1762 1084 1806 1116 ad
1829 1085 1949 1121 ſimiles
1976 1093 2236 1125 interceſſiones
2267 1104 2387 1131 exten-

1153 1133 1189 1170 di
1211 1133 1325 1172 debet.

1280 1186 1419 1233 Ratio.)
1467 1192 1511 1224 Et
1524 1199 1599 1227 tum
1610 1189 1665 1228 vel
1674 1200 1821 1244 propter
1833 1193 2043 1236 identitatem
2059 1199 2114 1235 vel
2141 1196 2271 1250 propter
2291 1208 2386 1258 pari-

1152 1233 1254 1255 tatem
1269 1230 1410 1258 rationis
1427 1229 1463 1258 fit
1484 1235 1628 1262 extenſio
1648 1241 1724 1267 ſane
1745 1244 1834 1268 ratio
1854 1242 1953 1271 debet
1981 1240 2055 1275 eſſel
2070 1229 2247 1285 adæquata
2261 1255 2330 1286 legi
2340 1262 2390 1283 &

1145 1280 1336 1321 intrinſeca,
1352 1283 1434 1317 alias
1451 1284 1477 1319 ſi
1504 1281 1688 1333 utrumque
1696 1291 1857 1333 deficiat,
1878 1297 2040 1336 extenſio,
2051 1312 2127 1331 non
2148 1301 2380 1337 admittitur.

1145 1330 1283 1369 Franzk.
1296 1334 1346 1369 cit.
1363 1331 1419 1377 leg.
1375 1377 1419 1378 leg.
1438 1344 1472 1371 n.
1486 1342 1554 1376 44.

1278 1383 1404 1432 Senſum
1420 1388 1665 1438 anguſtiorem.)
1712 1392 1823 1442 Quod
1835 1395 1983 1433 æſtimari
1994 1405 2107 1447 poteſt
2121 1405 2174 1437 vel
2189 1405 2250 1449 (1)
2260 1413 2303 1452 ex
2303 1410 2381 1454 ipſa

1149 1428 1258 1476 Lege,
1271 1427 1307 1473 &
1322 1435 1396 1471 tum
1411 1431 1462 1471 vel
1477 1446 1520 1474 ex
1533 1432 1641 1476 verbis
1656 1439 1933 1484 antecedentibus
1944 1451 1989 1485 &
2003 1466 2302 1507 conſequentibus,
2318 1478 2375 1506 vel

1145 1488 1187 1514 ex
1200 1484 1334 1521 ratione
1345 1485 1447 1536 legis,
1456 1488 1563 1525 modo
1582 1490 1654 1528 hæc
1669 1494 1768 1530 unica
1784 1492 1843 1538 ſit,
1859 1494 1907 1547 vel
1911 1498 1958 1545 (2)
1966 1497 2125 1543 aliunde,
2148 1505 2168 1535 &
2186 1512 2260 1553 tum
2260 1514 2325 1554 vel
2325 1514 2384 1555 ex

1145 1535 1293 1583 ſubjecta
1303 1539 1458 1582 materia,
1477 1540 1531 1578 vel
1545 1541 1619 1577 aliis
1631 1542 1775 1595 legibus.
1786 1545 1923 1585 Franzk.
1935 1560 1963 1589 c.
1976 1549 2000 1589 l.
2013 1548 2056 1586 n.
2067 1560 2125 1597 70.
2141 1555 2182 1588 &
2193 1551 2288 1604 ſeqq.

1274 1589 1356 1635 Jure
1359 1590 1551 1639 ſingulari.)
1601 1597 1660 1630 Sic
1673 1601 1815 1645 quando
1827 1602 1883 1637 Iex
1896 1609 2015 1638 contra
2030 1608 2196 1640 rationem
2216 1610 2299 1654 juris
2318 1614 2380 1644 in-

1141 1633 1297 1674 troducta
1313 1637 1380 1682 eſt,
1396 1639 1474 1677 hæc
1480 1652 1553 1678 non
1568 1640 1670 1681 debet
1684 1648 1881 1685 extendi
1843 1652 1874 1701 ad
1895 1653 1991 1703 alios
2006 1655 2088 1689 caſus
2105 1657 2176 1694 vid.
2190 1661 2216 1694 l.
2228 1665 2275 1698 15.
2290 1664 2312 1706 ff.
2341 1665 2381 1692 de

1140 1683 1232 1720 rebus
1244 1687 1349 1723 credit.
1365 1690 1401 1724 it.
1415 1689 1558 1729 Author.
1570 1695 1682 1731 Exerc.
1697 1699 1741 1730 16.
1758 1700 1796 1738 §.
1808 1710 1875 1741 13.

1270 1741 1404 1778 Ratione
1416 1742 1620 1789 inductiva.)
1663 1748 1778 1792 Alias,
1796 1752 1821 1787 ſi
1836 1754 1908 1787 hæc
1935 1755 1973 1786 in
1992 1757 2071 1799 lege
2091 1764 2287 1802 corrigente
2296 1775 2371 1792 ex-

1136 1779 1268 1833 preſſa,
1261 1784 1384 1830 ſaltem
1400 1791 1500 1825 unica
1515 1790 1577 1833 eſt,
1594 1796 1631 1826 &
1648 1801 1727 1829 non
1737 1801 1933 1849 impulſiva,
1945 1805 2003 1835 ſed
2022 1810 2145 1853 finalis,
2163 1812 2250 1845 inter
2262 1822 2367 1852 quam

1137 1841 1175 1876 &
1195 1839 1307 1878 caſum
1324 1839 1479 1880 omiſſum
1495 1842 1670 1884 neceſſaria
1688 1851 1938 1900 conſequentia,
1958 1856 2023 1905 dum
2050 1859 2109 1890 Iex
2120 1863 2293 1907 corrigens
2309 1878 2369 1896 ex-

1133 1886 1320 1927 tenſionem
1335 1892 1463 1940 patitur.
1479 1894 1614 1935 Franzk.

1220 1945 1307 1981 In
1322 1946 1578 1996 conſuetudine.)
1623 1951 1720 1990 Fallit
1734 1951 1780 1990 de
1800 1954 1879 1999 tali,
1897 1970 1971 2006 quæ
1978 1970 2106 1994 novum
2120 1965 2290 2011 objectum
2303 1972 2368 2000 ha-

1133 1991 1211 2036 bet,
1231 2002 1269 2028 ut
1283 1992 1358 2031 ſunt
1375 1995 1632 2038 conſuetudines
1645 1999 1820 2046 feudales,
1834 2020 1920 2053 quæ
1935 2014 2163 2045 extenſionem
2178 2025 2365 2062 patiuntur,

1132 2048 1227 2087 Auth
1241 2052 1277 2086 in
1284 2054 1364 2098 Jure
1377 2052 1471 2091 Feud.
1488 2067 1513 2091 c.
1531 2056 1556 2092 I.

1263 2098 1331 2129 Pro
1348 2104 1413 2129 non
1428 2098 1686 2144 comprehenſo.)
1731 2104 1786 2135 Sic
1801 2099 1981 2144 ſtatutum,
1991 2117 2088 2152 quod
2105 2117 2147 2141 de
2159 2118 2241 2142 vino
2250 2117 2361 2162 diſpo-

1132 2148 1205 2192 nit,
1219 2162 1293 2188 non
1308 2150 1417 2202 poteſt
1433 2154 1567 2192 extendi
1584 2157 1629 2193 ad
1652 2157 1732 2195 alios
1747 2173 1920 2199 liquores:
1942 2169 2053 2216 Quod
2071 2169 2113 2201 de
2130 2168 2258 2203 cibariis
2273 2180 2360 2218 agit,

1132 2208 1205 2232 non
1221 2202 1363 2249 pertinet
1376 2201 1421 2239 ad
1435 2201 1622 2246 frumenta,
1636 2217 1711 2255 quæ
1729 2206 1773 2244 de
1794 2220 2023 2251 contractibus
2046 2220 2081 2249 &
2106 2219 2250 2264 pignore
2272 2239 2358 2255 con-

1132 2251 1315 2293 ventionali
1342 2254 1534 2305 Ioquuntur
1564 2256 1715 2302 ſtatuta,
1734 2271 1809 2298 non
1840 2266 2050 2307 extendenda
2084 2268 2161 2304 ſunt
2189 2279 2236 2308 ad
2253 2280 2360 2322 quaſi

1132 2305 1340 2350 contractus,
1358 2319 1422 2345 nec
1438 2306 1482 2344 ad
1497 2308 1708 2360 hypothecas
1720 2314 1835 2351 tacitas
1854 2318 1890 2353 &
1904 2319 2029 2366 pignus
2044 2320 2248 2360 Prætorium.
2298 2332 2359 2362 In-

1132 2353 1238 2392 dubio
1252 2356 1298 2391 ita
1315 2355 1563 2407 interpretanda
1577 2359 1673 2403 ſunt,
1688 2370 1727 2397 ut
1743 2373 1847 2412 quam
1858 2366 1997 2409 minime
2014 2376 2186 2409 recedatur
2205 2391 2226 2409 a
2250 2384 2355 2420 jure

1132 2406 1323 2446 communi:
1334 2410 1451 2460 Itaque
1468 2409 1560 2451 caſus
1574 2411 1695 2451 ſtatuto
1711 2427 1786 2452 non
1800 2414 2058 2471 comprehenſus
2073 2438 2188 2464 manet
2203 2432 2265 2464 ſub
2283 2426 2353 2463 dis-
