2502 3006
331 638 479 678 alicuius
495 636 702 682 momenti,
727 645 776 673 ex
797 645 871 682 quo
905 635 1086 672 damnum
1108 635 1215 670 alicui
1239 636 1484 672 metuendum
1501 627 1609 684 erat,
1623 627 1803 679 ſuscipere

336 701 423 751 paſſi
438 693 516 756 ſint,
531 692 590 751 niſi
599 698 638 736 in
655 698 794 738 iudicio
811 706 847 736 et
863 697 1060 737 accedente
1079 696 1314 749 Magiſtratus
1336 702 1561 734 auctoriate.
1623 700 1739 730 Porro
1758 710 1802 732 ex

333 776 368 817 §.
384 772 473 812 VIII.
489 769 627 816 elucet,
645 778 769 807 curam
791 765 885 806 hanc
905 777 982 805 non
1000 766 1124 818 primo
1146 764 1265 803 ſtatim
1287 764 1466 803 abſentiae
1487 778 1659 814 tempore
1676 770 1801 800 locum

331 837 477 886 habere,
493 837 554 877 ſed
572 835 684 877 talem
708 833 904 877 abſentiam
918 833 1068 886 requiri,
1092 842 1185 882 quae
1211 831 1342 870 mortis
1358 832 1673 881 praeſumtionem
1697 841 1799 870 indu-

327 886 399 936 cat.
417 901 641 947 Cognitione
654 908 744 946 ergo
765 904 999 947 Magiſtratus
1016 915 1112 944 opus
1130 904 1192 962 eſt,
1213 909 1255 945 vt
1275 910 1322 948 ex
1337 899 1616 946 circumſtantiis
1629 909 1802 954 determi-

335 989 411 1028 net,
424 992 473 1018 an
488 981 571 1019 talis
580 975 804 1030 praeſumtio
816 977 909 1019 adſit
932 985 1089 1028 propter
1113 988 1224 1026 quam
1238 977 1333 1015 Cura
1355 974 1503 1014 decerni
1526 975 1648 1025 poſſit.
1694 979 1803 1015 Vtta-

333 1053 436 1082 ceam
449 1040 672 1091 plerumque
685 1041 782 1080 bona
802 1048 823 1078 a
823 1039 939 1077 tertio
967 1038 1161 1090 poſſideri,
1177 1049 1214 1078 et
1230 1036 1275 1077 ſic
1300 1036 1473 1076 remediis
1499 1034 1673 1088 legitimis
1694 1038 1732 1074 in
1748 1038 1803 1075 iu-

331 1114 431 1153 dicio
444 1124 525 1151 rem
545 1111 794 1164 peragendam
806 1112 885 1151 eſſe.
934 1111 1076 1151 Deirde
1094 1110 1133 1148 in
1143 1123 1187 1149 eo
1208 1107 1403 1148 deterioris
1416 1105 1639 1147 conditionis
1663 1115 1801 1146 curato-

334 1187 417 1210 rem
433 1186 523 1223 prae
540 1164 681 1210 herede
709 1174 778 1210 eſſe
799 1168 1011 1215 adſtruunt,
1037 1174 1123 1218 quia
1149 1176 1358 1207 cautionem
1385 1172 1558 1208 idoneam
1592 1171 1713 1204 facere
1743 1176 1803 1204 de-

335 1250 430 1289 beat.
480 1251 554 1288 Sed
574 1250 657 1298 quis
678 1261 754 1285 non
770 1248 949 1296 intelligit
975 1246 1155 1284 cautionis
1177 1244 1426 1283 neceſſitatem
1454 1245 1521 1282 eſſe
1536 1256 1582 1283 ex
1605 1243 1679 1295 ipſa
1699 1240 1806 1281 huius

336 1321 446 1349 curae
464 1319 602 1355 natura,
620 1319 733 1356 quam
749 1309 894 1358 quippe
907 1319 988 1345 non
1009 1311 1046 1345 in
1058 1307 1279 1346 ſucceſſione
1292 1315 1329 1343 et
1349 1306 1554 1343 hereditate
1568 1316 1671 1353 pura,
1691 1306 1752 1343 ſed
1767 1304 1805 1342 in

333 1372 408 1412 tali,
431 1380 523 1413 quae
539 1365 603 1402 ſub
619 1367 854 1403 conditione:
914 1362 940 1401 ſi
954 1364 1082 1401 abſens
1103 1374 1181 1399 non
1199 1363 1338 1407 redeat,
1353 1363 1530 1405 defertur,
1543 1365 1739 1399 conſiſtere
1755 1370 1807 1397 di-

335 1441 469 1479 ximus.
519 1430 568 1476 Et
588 1449 680 1477 anne
696 1435 855 1479 inſolens
874 1436 926 1478 eſt
941 1445 986 1477 vt
1005 1434 1112 1475 heres
1128 1433 1337 1474 cautionem
1352 1431 1481 1473 faciat?
1508 1442 1634 1471 nonne
1649 1432 1688 1470 in
1700 1433 1806 1471 here-

336 1513 446 1554 ditate
474 1507 800 1553 fideicommiſſaria
822 1508 924 1549 idem
968 1507 1112 1549 obtinet
1134 1518 1177 1549 vt
1211 1503 1581 1551 ſideicommiſſarius
1606 1501 1808 1549 ſiduciario,

334 1586 396 1626 cui
426 1597 473 1624 ex
489 1585 548 1625 die
569 1584 753 1626 hereditas
777 1583 900 1624 relicta
927 1581 999 1633 eſt,
1014 1589 1137 1621 caueat
1168 1581 1239 1629 3)?
1268 1587 1305 1618 et
1320 1591 1455 1626 nonne,
1470 1578 1572 1628 quod
1593 1581 1710 1630 magis
1735 1577 1808 1616 huc

332 1653 509 1705 pertinet,
521 1653 630 1694 heres
641 1653 704 1694 ſub
714 1651 931 1694 conditione
945 1651 1141 1699 inſtitutus,
1156 1649 1192 1696 ſi,
1205 1649 1393 1701 pendente
1413 1649 1638 1696 conditione,
1661 1646 1807 1688 heredi-

335 1733 450 1765 tatem
470 1722 640 1775 poſſidet,
655 1722 846 1763 ſubſtituto
884 1722 931 1761 de
956 1719 1160 1760 hereditate
1191 1730 1322 1758 cauere
1352 1724 1499 1756 tenetur
1513 1718 1582 1766 4)?
1619 1716 1803 1763 Tertium,

338 1794 441 1845 quod
453 1793 644 1840 obiiciunt,
655 1793 706 1831 eſt
718 1794 823 1843 quod
831 1791 1015 1832 alienandi
1025 1801 1063 1830 et
1079 1790 1124 1829 de
1134 1790 1243 1829 rebus
1267 1789 1492 1840 disponendi
1503 1788 1669 1827 facultate
1694 1790 1806 1826 libera

336 1869 379 1908 ſit
394 1864 596 1910 deſtitutus,
607 1870 644 1900 et
657 1875 700 1900 ea
728 1862 856 1910 omnia,
875 1871 957 1911 quae
980 1858 1135 1912 ſpeciale
1161 1860 1377 1899 mandatum
1404 1858 1607 1907 requirunt,
1625 1866 1803 1907 peragere

333 1934 423 1971 haut
431 1934 551 1980 poſſit.
565 1934 703 1969 Verum
713 1930 876 1980 poteſtas
876 1929 1061 1979 Curatoris
1070 1929 1206 1976 partim
1215 1939 1291 1965 non
1300 1927 1348 1963 ita
1362 1926 1533 1976 anguſtos
1543 1925 1679 1963 limites
1688 1926 1808 1971 habet,

338 1987 504 2039 qualibus
513 1987 628 2035 vulgo
642 1987 832 2025 includere
844 1999 931 2024 eum
942 1987 1052 2023 valde
1067 1984 1210 2030 volunt,
1228 1983 1363 2031 partim
1377 1993 1526 2029 quoque
1541 1982 1593 2019 illi
1612 1982 1700 2022 inde
1719 1993 1805 2019 con-

340 2054 412 2105 cipi
421 2051 577 2103 poſſunt,
591 2054 694 2099 quod
708 2051 799 2090 haec
811 2056 908 2090 Cura
920 2051 962 2090 ſit
975 2052 1086 2091 inſtar
1101 2048 1327 2090 ſucceſſionis
1337 2048 1577 2088 conditionalis.
1587 2047 1660 2088 Sed
1676 2047 1721 2089 de
1739 2047 1811 2088 hoc

348 2126 482 2171 vltimo
502 2120 655 2164 inferius
668 2122 817 2175 quoque
833 2128 890 2182 (§.
913 2126 992 2165 XXI.
1013 2124 1148 2172 XXII.)
1172 2117 1339 2174 pluribus
1357 2117 1490 2171 agendi
1506 2117 1608 2160 locus
1629 2120 1708 2161 erit.

399 2247 429 2281 1)
454 2243 523 2276 Vid.
538 2240 848 2273 SCHMALKALDER
864 2240 908 2270 cit.
931 2234 991 2277 diſſ.
1010 2242 1035 2271 §.
1051 2245 1087 2264 11.

383 2351 417 2391 2)
437 2350 505 2386 Vid.
517 2351 649 2382 LEYSER
663 2351 692 2380 in
712 2345 810 2378 Medit.
828 2343 866 2377 ad
882 2359 915 2378 π.
932 2341 1042 2385 ſpecim.
1059 2351 1108 2382 97.
1144 2351 1193 2384 per
1212 2353 1265 2377 tot.
1288 2347 1483 2379 STRECKER
1512 2342 1546 2372 de
1562 2340 1686 2372 nullitate
1709 2341 1814 2373 alienat

507 2423 663 2449 hereditatis
676 2418 797 2458 abſentis
820 2422 882 2446 ante
894 2420 993 2455 tempus
1008 2411 1157 2457 legitimum
1186 2424 1205 2443 a
1221 2417 1348 2446 Curatore
1353 2412 1446 2452 factae
1467 2409 1494 2452 §.
1516 2417 1565 2443 26.
