1524 2604
580 357 609 399 §.
654 365 691 400 4.

233 405 283 441 De
309 399 442 441 furibus
465 403 599 439 armatis
622 400 799 454 diſputatio
816 417 884 443 non
906 403 1039 443 facilem
1060 407 1144 445 deci-

133 453 258 492 ſionem
281 461 314 479 et
338 461 415 490 ideo
438 458 552 495 habet,
573 452 663 492 quod
691 462 800 499 leges,
824 475 910 500 quae
934 463 1052 504 iudicis
1068 463 1144 503 reli-

133 501 267 543 gionem
294 513 531 544 moderantur,
559 525 628 542 non
651 516 734 543 adeo
753 518 866 546 aperte
892 521 964 551 rem
982 523 1145 559 eloquun-

131 564 199 605 tur,
215 566 251 601 et
267 555 454 595 interpretis
472 575 611 595 acumen
630 565 823 602 deſiderant,
839 564 898 599 qui
913 564 981 603 vim
999 568 1142 609 nocendi

129 618 319 649 armorum,
349 625 512 647 armatum
528 608 639 652 furem
653 617 908 652 oſtendentium,
939 616 1140 658 demonſtra-

130 675 165 699 re
187 660 312 710 geſtiat.
365 666 552 704 Audiamus
578 664 726 712 primum
748 663 857 709 legem
874 670 1065 709 generalem
1084 682 1140 715 pa-

129 721 218 755 triae,
245 728 331 751 quae
347 723 365 753 a
382 716 518 759 CAROLO
530 716 571 761 V.
593 724 777 759 propoſita,
805 727 944 760 omnem
964 731 1140 764 neglexiſſe

129 772 257 807 videtur
281 768 479 806 diſcriminis
499 775 663 810 indicem,
689 767 747 811 ſoli
763 768 884 810 iudicis
907 770 1045 810 arbitrio
1063 785 1137 816 rem

118 813 343 859 graviſſimam
369 819 570 860 relinquens.
621 822 795 864 Nullaque
811 822 864 864 lex
878 821 925 866 eſt
947 823 981 866 in
1001 844 1137 868 enume-

120 878 239 912 randis
265 869 399 910 ſingulis
417 880 591 914 armorum
607 872 793 914 ſpeciebus,
821 888 906 914 quae
922 878 1007 922 vitae
1021 888 1073 918 vel
1090 879 1135 926 ſa-

116 912 219 962 nitati
243 944 374 967 nocent.
407 927 480 964 Art.
501 945 595 969 140.
615 929 816 973 generaliter
838 941 1057 973 pronunciat:
1100 933 1133 982 ſo

126 977 217 1017 eyner
241 987 300 1015 mit
326 982 437 1014 eynem
462 973 616 1013 toͤdlichen
639 979 754 1015 waffen
780 983 856 1020 oder
872 992 954 1024 weer
974 989 1135 1024 uͤberlaͤuft

116 1019 238 1073 anficht
263 1029 339 1061 ober
363 1024 489 1070 ſchlecht
517 1028 585 1062 und
609 1029 665 1064 der
688 1029 831 1071 benoͤtigt
854 1033 913 1064 kan
937 1033 1053 1074 fuͤglich
1087 1045 1132 1077 an

118 1071 312 1135 fahrlichkeit
329 1085 408 1122 oder
430 1083 607 1132 verletzung
631 1083 731 1132 ſeines
754 1084 852 1135 Ieibs,
880 1085 989 1126 lebens
1008 1098 1067 1123 etc.
1099 1100 1134 1125 et

116 1125 241 1176 iterum
270 1144 330 1170 art.
354 1143 441 1181 159:
467 1137 543 1173 oder
567 1136 628 1174 mit
651 1134 789 1187 waffen,
817 1138 922 1175 damit
938 1149 971 1176 er
986 1140 1132 1188 jemand,

114 1173 174 1225 der
190 1187 236 1232 jm
253 1185 462 1232 widerſtandt
478 1185 558 1234 thun
575 1187 667 1232 wolt,
692 1191 842 1234 verletzen
866 1189 978 1234 moͤcht.
1031 1204 1130 1234 Eam-

115 1232 193 1275 dem
211 1240 375 1277 rationem
393 1238 482 1290 ſequi
500 1239 610 1276 videas
628 1242 779 1290 plurium
796 1244 934 1292 Imperii
950 1246 980 1280 S.
997 1249 1032 1283 R.
1046 1250 1132 1284 Ger-

117 1295 238 1332 manici
263 1296 511 1335 territoriorum
537 1298 692 1345 proprias
718 1298 817 1343 leges.
881 1299 998 1351 Quid?
1036 1302 1129 1351 quod

112 1331 195 1392 ſint,
216 1352 303 1386 quae
316 1342 360 1384 de
374 1340 490 1381 furto,
511 1351 609 1376 quod
618 1342 720 1379 armis
739 1345 1039 1387 interuenientibus
1053 1361 1129 1395 per-

115 1386 281 1431 petratum
297 1391 355 1433 eſt,
362 1398 448 1431 adeo
462 1390 566 1426 ſilent,
591 1400 627 1433 vt
642 1389 740 1439 facile
756 1393 831 1435 quis
849 1395 905 1440 ſibi
924 1405 1128 1441 perſuadeat,

114 1443 338 1490 legislatorem
366 1440 450 1479 furis
477 1455 640 1481 armatam
665 1457 893 1493 conditionem
926 1463 1044 1498 curare
1069 1475 1130 1500 no-

115 1493 199 1542 luiſſe
235 1496 381 1540 iudicem
410 1513 554 1539 poenam
583 1496 765 1546 finientem.
818 1503 925 1544 Cuius
952 1507 1000 1548 rei
1033 1528 1128 1549 para-

107 1541 186 1601 tum
198 1551 257 1597 dat
275 1553 468 1590 exemplum
483 1559 533 1583 lex
549 1561 765 1594 prouincialis
780 1568 1058 1599 Magdeburgica,
1076 1560 1127 1605 die

114 1601 407 1652 Polizeyordnung
425 1599 469 1640 de
493 1605 609 1651 1688,
637 1614 892 1649 quodammodo
915 1610 1066 1649 correcta
1088 1614 1125 1652 in

107 1648 232 1705 Edicto
257 1666 298 1697 de
315 1662 350 1695 7.
368 1657 456 1698 Sept.
480 1663 586 1697 1700.
615 1666 648 1715 p.
670 1669 701 1711 3.
730 1669 781 1704 nr.
805 1663 887 1699 131.
914 1660 1020 1701 Corp.
1047 1672 1129 1705 con-

107 1696 172 1750 ſtit.
188 1706 348 1748 Magdeb.
363 1701 504 1750 Mylii.

538 1766 582 1819 §.
642 1775 683 1809 5.

207 1814 353 1852 Romani
376 1827 469 1852 arma
487 1812 615 1853 letifera
632 1828 665 1853 et
688 1815 817 1856 ſanitati
833 1818 930 1855 noxia
948 1819 1123 1857 communi

116 1868 248 1903 nomine
265 1872 326 1912 teli
336 1871 534 1912 indicabant
589 1869 689 1912 Vide,
702 1864 749 1911 ſis,
768 1872 814 1917 Jo.
825 1872 946 1914 Matth.
967 1890 1121 1917 GESNERI

112 1917 247 1960 theſaur.
263 1916 344 1959 nou.
362 1915 399 1964 L.
416 1915 453 1960 L.
476 1926 578 1966 voce:
605 1918 725 1966 telum,
746 1926 776 1968 §.
796 1927 825 1968 I.
856 1927 1020 1968 SALLUST.
1042 1934 1120 1972 Jug.

116 1969 172 2017 43.
189 1969 250 2024 47.
288 1964 359 2011 Cat.
375 1975 437 2019 42.
453 1977 514 2024 43.
535 1983 586 2021 51.
603 1978 664 2027 52.
682 1978 714 2013 et
735 1979 854 2015 LIVIUS
878 1973 959 2012 dicit
971 1974 1015 2012 de
1030 1978 1120 2015 ſecu-

103 2005 157 2060 ri,
181 2021 239 2067 lib.
258 2026 288 2069 I,
307 2024 375 2058 40:
399 2021 514 2066 relicto
529 2027 565 2063 in
578 2024 718 2066 vulnere
738 2023 811 2069 telo.
865 2025 964 2072 Hanc
978 2024 1118 2064 poteſta-

113 2061 175 2116 tem
202 2080 280 2115 cum
305 2069 370 2115 telo
391 2073 657 2115 communicauit
682 2081 750 2117 ipſe
774 2074 813 2118 L.
817 2076 891 2129 54.
917 2080 945 2123 §.
964 2082 996 2123 2.
1014 2075 1049 2128 ff.
1074 2080 1119 2125 de

114 2105 226 2171 furtis,
247 2142 343 2165 autor
358 2142 481 2167 GAIUS,
509 2133 676 2166 edictique
697 2138 928 2170 prouincialis.
939 2138 1110 2170 interpres,

112 2164 217 2214 furem
239 2182 390 2217 interdiu
411 2172 663 2224 deprehenſum,
685 2179 797 2217 aiens,
827 2199 895 2222 non
911 2190 1011 2224 aliter
1034 2200 1120 2225 occi-
